{"cash_flow": [{"fiscalDateEnding": "2025-01-31", "reportedCurrency": "USD", "operatingCashflow": "13092000000", "paymentsForOperatingActivities": "None", "proceedsFromOperatingActivities": "None", "changeInOperatingLiabilities": "None", "changeInOperatingAssets": "None", "depreciationDepletionAndAmortization": "3477000000", "capitalExpenditures": "658000000", "changeInReceivables": "None", "changeInInventory": "None", "profitLoss": "None", "cashflowFromInvestment": "None", "cashflowFromFinancing": "-9429000000", "proceedsFromRepaymentsOfShortTermDebt": "None", "paymentsForRepurchaseOfCommonStock": "None", "paymentsForRepurchaseOfEquity": "None", "paymentsForRepurchaseOfPreferredStock": "None", "dividendPayout": "1537000000", "dividendPayoutCommonStock": "1537000000", "dividendPayoutPreferredStock": "None", "proceedsFromIssuanceOfCommonStock": "None", "proceedsFromIssuanceOfLongTermDebtAndCapitalSecuritiesNet": "None", "proceedsFromIssuanceOfPreferredStock": "None", "proceedsFromRepurchaseOfEquity": "-7829000000", "proceedsFromSaleOfTreasuryStock": "None", "changeInCashAndCashEquivalents": "None", "changeInExchangeRate": "None", "netIncome": "6197000000"}, {"fiscalDateEnding": "2024-01-31", "reportedCurrency": "USD", "operatingCashflow": "10234000000", "paymentsForOperatingActivities": "None", "proceedsFromOperatingActivities": "None", "changeInOperatingLiabilities": "None", "changeInOperatingAssets": "None", "depreciationDepletionAndAmortization": "5884000000", "capitalExpenditures": "736000000", "changeInReceivables": "None", "changeInInventory": "None", "profitLoss": "None", "cashflowFromInvestment": "None", "cashflowFromFinancing": "-7477000000", "proceedsFromRepaymentsOfShortTermDebt": "None", "paymentsForRepurchaseOfCommonStock": "None", "paymentsForRepurchaseOfEquity": "None", "paymentsForRepurchaseOfPreferredStock": "None", "dividendPayout": "772000000", "dividendPayoutCommonStock": "772000000", "dividendPayoutPreferredStock": "None", "proceedsFromIssuanceOfCommonStock": "None", "proceedsFromIssuanceOfLongTermDebtAndCapitalSecuritiesNet": "None", "proceedsFromIssuanceOfPreferredStock": "None", "proceedsFromRepurchaseOfEquity": "-7620000000", "proceedsFromSaleOfTreasuryStock": "None", "changeInCashAndCashEquivalents": "None", "changeInExchangeRate": "None", "netIncome": "4136000000"}, {"fiscalDateEnding": "2023-01-31", "reportedCurrency": "USD", "operatingCashflow": "7111000000", "paymentsForOperatingActivities": "None", "proceedsFromOperatingActivities": "None", "changeInOperatingLiabilities": "None", "changeInOperatingAssets": "None", "depreciationDepletionAndAmortization": "3786000000", "capitalExpenditures": "798000000", "changeInReceivables": "-995000000", "changeInInventory": "None", "profitLoss": "None", "cashflowFromInvestment": "-1989000000", "cashflowFromFinancing": "-3562000000", "proceedsFromRepaymentsOfShortTermDebt": "None", "paymentsForRepurchaseOfCommonStock": "None", "paymentsForRepurchaseOfEquity": "None", "paymentsForRepurchaseOfPreferredStock": "None", "dividendPayout": "861000000", "dividendPayoutCommonStock": "861000000", "dividendPayoutPreferredStock": "None", "proceedsFromIssuanceOfCommonStock": "None", "proceedsFromIssuanceOfLongTermDebtAndCapitalSecuritiesNet": "None", "proceedsFromIssuanceOfPreferredStock": "None", "proceedsFromRepurchaseOfEquity": "-4000000000", "proceedsFromSaleOfTreasuryStock": "None", "changeInCashAndCashEquivalents": "1560000000", "changeInExchangeRate": "None", "netIncome": "208000000"}, {"fiscalDateEnding": "2022-01-31", "reportedCurrency": "USD", "operatingCashflow": "6000000000", "paymentsForOperatingActivities": "None", "proceedsFromOperatingActivities": "None", "changeInOperatingLiabilities": "None", "changeInOperatingAssets": "None", "depreciationDepletionAndAmortization": "3298000000", "capitalExpenditures": "717000000", "changeInReceivables": "-1824000000", "changeInInventory": "None", "profitLoss": "None", "cashflowFromInvestment": "-14536000000", "cashflowFromFinancing": "7838000000", "proceedsFromRepaymentsOfShortTermDebt": "None", "paymentsForRepurchaseOfCommonStock": "None", "paymentsForRepurchaseOfEquity": "None", "paymentsForRepurchaseOfPreferredStock": "None", "dividendPayout": "None", "dividendPayoutCommonStock": "None", "dividendPayoutPreferredStock": "None", "proceedsFromIssuanceOfCommonStock": "None", "proceedsFromIssuanceOfLongTermDebtAndCapitalSecuritiesNet": "None", "proceedsFromIssuanceOfPreferredStock": "None", "proceedsFromRepurchaseOfEquity": "1289000000", "proceedsFromSaleOfTreasuryStock": "None", "changeInCashAndCashEquivalents": "-698000000", "changeInExchangeRate": "None", "netIncome": "1444000000"}, {"fiscalDateEnding": "2021-01-31", "reportedCurrency": "USD", "operatingCashflow": "4801000000", "paymentsForOperatingActivities": "None", "proceedsFromOperatingActivities": "None", "changeInOperatingLiabilities": "None", "changeInOperatingAssets": "None", "depreciationDepletionAndAmortization": "2846000000", "capitalExpenditures": "710000000", "changeInReceivables": "-1556000000", "changeInInventory": "-963000000", "profitLoss": "None", "cashflowFromInvestment": "-3971000000", "cashflowFromFinancing": "1194000000", "proceedsFromRepaymentsOfShortTermDebt": "None", "paymentsForRepurchaseOfCommonStock": "None", "paymentsForRepurchaseOfEquity": "None", "paymentsForRepurchaseOfPreferredStock": "None", "dividendPayout": "None", "dividendPayoutCommonStock": "None", "dividendPayoutPreferredStock": "None", "proceedsFromIssuanceOfCommonStock": "None", "proceedsFromIssuanceOfLongTermDebtAndCapitalSecuritiesNet": "None", "proceedsFromIssuanceOfPreferredStock": "None", "proceedsFromRepurchaseOfEquity": "1321000000", "proceedsFromSaleOfTreasuryStock": "None", "changeInCashAndCashEquivalents": "2024000000", "changeInExchangeRate": "None", "netIncome": "4072000000"}, {"fiscalDateEnding": "2020-01-31", "reportedCurrency": "USD", "operatingCashflow": "4331000000", "paymentsForOperatingActivities": "None", "proceedsFromOperatingActivities": "None", "changeInOperatingLiabilities": "None", "changeInOperatingAssets": "None", "depreciationDepletionAndAmortization": "2135000000", "capitalExpenditures": "643000000", "changeInReceivables": "-1000000000", "changeInInventory": "120000000", "profitLoss": "None", "cashflowFromInvestment": "-2980000000", "cashflowFromFinancing": "164000000", "proceedsFromRepaymentsOfShortTermDebt": "None", "paymentsForRepurchaseOfCommonStock": "None", "paymentsForRepurchaseOfEquity": "None", "paymentsForRepurchaseOfPreferredStock": "None", "dividendPayout": "None", "dividendPayoutCommonStock": "None", "dividendPayoutPreferredStock": "None", "proceedsFromIssuanceOfCommonStock": "None", "proceedsFromIssuanceOfLongTermDebtAndCapitalSecuritiesNet": "None", "proceedsFromIssuanceOfPreferredStock": "None", "proceedsFromRepurchaseOfEquity": "840000000", "proceedsFromSaleOfTreasuryStock": "None", "changeInCashAndCashEquivalents": "1515000000", "changeInExchangeRate": "None", "netIncome": "126000000"}, {"fiscalDateEnding": "2019-01-31", "reportedCurrency": "USD", "operatingCashflow": "3398000000", "paymentsForOperatingActivities": "None", "proceedsFromOperatingActivities": "None", "changeInOperatingLiabilities": "None", "changeInOperatingAssets": "None", "depreciationDepletionAndAmortization": "962000000", "capitalExpenditures": "595000000", "changeInReceivables": "-923000000", "changeInInventory": "155000000", "profitLoss": "None", "cashflowFromInvestment": "-5308000000", "cashflowFromFinancing": "2010000000", "proceedsFromRepaymentsOfShortTermDebt": "None", "paymentsForRepurchaseOfCommonStock": "None", "paymentsForRepurchaseOfEquity": "None", "paymentsForRepurchaseOfPreferredStock": "None", "dividendPayout": "None", "dividendPayoutCommonStock": "None", "dividendPayoutPreferredStock": "None", "proceedsFromIssuanceOfCommonStock": "None", "proceedsFromIssuanceOfLongTermDebtAndCapitalSecuritiesNet": "None", "proceedsFromIssuanceOfPreferredStock": "None", "proceedsFromRepurchaseOfEquity": "704000000", "proceedsFromSaleOfTreasuryStock": "None", "changeInCashAndCashEquivalents": "126000000", "changeInExchangeRate": "26000000", "netIncome": "1110000000"}, {"fiscalDateEnding": "2018-01-31", "reportedCurrency": "USD", "operatingCashflow": "2737965000", "paymentsForOperatingActivities": "None", "proceedsFromOperatingActivities": "None", "changeInOperatingLiabilities": "None", "changeInOperatingAssets": "None", "depreciationDepletionAndAmortization": "752600000", "capitalExpenditures": "534027000", "changeInReceivables": "-720019000", "changeInInventory": "24140000", "profitLoss": "None", "cashflowFromInvestment": "-2011000000", "cashflowFromFinancing": "221000000", "proceedsFromRepaymentsOfShortTermDebt": "None", "paymentsForRepurchaseOfCommonStock": "None", "paymentsForRepurchaseOfEquity": "None", "paymentsForRepurchaseOfPreferredStock": "None", "dividendPayout": "0", "dividendPayoutCommonStock": "0", "dividendPayoutPreferredStock": "None", "proceedsFromIssuanceOfCommonStock": "None", "proceedsFromIssuanceOfLongTermDebtAndCapitalSecuritiesNet": "None", "proceedsFromIssuanceOfPreferredStock": "None", "proceedsFromRepurchaseOfEquity": "650300000", "proceedsFromSaleOfTreasuryStock": "None", "changeInCashAndCashEquivalents": "936935000", "changeInExchangeRate": "-11753000", "netIncome": "127478000"}, {"fiscalDateEnding": "2017-01-31", "reportedCurrency": "USD", "operatingCashflow": "2162198000", "paymentsForOperatingActivities": "None", "proceedsFromOperatingActivities": "None", "changeInOperatingLiabilities": "None", "changeInOperatingAssets": "None", "depreciationDepletionAndAmortization": "632245000", "capitalExpenditures": "463958000", "changeInReceivables": "-628477000", "changeInInventory": "-28850000", "profitLoss": "None", "cashflowFromInvestment": "-2684000000", "cashflowFromFinancing": "997698000", "proceedsFromRepaymentsOfShortTermDebt": "None", "paymentsForRepurchaseOfCommonStock": "None", "paymentsForRepurchaseOfEquity": "None", "paymentsForRepurchaseOfPreferredStock": "None", "dividendPayout": "0", "dividendPayoutCommonStock": "0", "dividendPayoutPreferredStock": "None", "proceedsFromIssuanceOfCommonStock": "None", "proceedsFromIssuanceOfLongTermDebtAndCapitalSecuritiesNet": "None", "proceedsFromIssuanceOfPreferredStock": "None", "proceedsFromRepurchaseOfEquity": "401481000", "proceedsFromSaleOfTreasuryStock": "None", "changeInCashAndCashEquivalents": "448186000", "changeInExchangeRate": "-27369000", "netIncome": "179632000"}, {"fiscalDateEnding": "2016-01-31", "reportedCurrency": "USD", "operatingCashflow": "1672081000", "paymentsForOperatingActivities": "None", "proceedsFromOperatingActivities": "None", "changeInOperatingLiabilities": "None", "changeInOperatingAssets": "None", "depreciationDepletionAndAmortization": "525750000", "capitalExpenditures": "709852000", "changeInReceivables": "-582425000", "changeInInventory": "50772000", "profitLoss": "None", "cashflowFromInvestment": "-1487878000", "cashflowFromFinancing": "73152000", "proceedsFromRepaymentsOfShortTermDebt": "None", "paymentsForRepurchaseOfCommonStock": "None", "paymentsForRepurchaseOfEquity": "None", "paymentsForRepurchaseOfPreferredStock": "None", "dividendPayout": "0", "dividendPayoutCommonStock": "0", "dividendPayoutPreferredStock": "None", "proceedsFromIssuanceOfCommonStock": "None", "proceedsFromIssuanceOfLongTermDebtAndCapitalSecuritiesNet": "None", "proceedsFromIssuanceOfPreferredStock": "None", "proceedsFromRepurchaseOfEquity": "455482000", "proceedsFromSaleOfTreasuryStock": "None", "changeInCashAndCashEquivalents": "250246000", "changeInExchangeRate": "-7109000", "netIncome": "-47426000"}, {"fiscalDateEnding": "2015-01-31", "reportedCurrency": "USD", "operatingCashflow": "1173714000", "paymentsForOperatingActivities": "None", "proceedsFromOperatingActivities": "None", "changeInOperatingLiabilities": "None", "changeInOperatingAssets": "None", "depreciationDepletionAndAmortization": "448296000", "capitalExpenditures": "416889000", "changeInReceivables": "-544610000", "changeInInventory": "45819000", "profitLoss": "None", "cashflowFromInvestment": "-698360000", "cashflowFromFinancing": "-310481000", "proceedsFromRepaymentsOfShortTermDebt": "None", "paymentsForRepurchaseOfCommonStock": "None", "paymentsForRepurchaseOfEquity": "None", "paymentsForRepurchaseOfPreferredStock": "None", "dividendPayout": "0", "dividendPayoutCommonStock": "0", "dividendPayoutPreferredStock": "None", "proceedsFromIssuanceOfCommonStock": "None", "proceedsFromIssuanceOfLongTermDebtAndCapitalSecuritiesNet": "None", "proceedsFromIssuanceOfPreferredStock": "None", "proceedsFromRepurchaseOfEquity": "308989000", "proceedsFromSaleOfTreasuryStock": "None", "changeInCashAndCashEquivalents": "126482000", "changeInExchangeRate": "-38391000", "netIncome": "-262688000"}, {"fiscalDateEnding": "2014-01-31", "reportedCurrency": "USD", "operatingCashflow": "875469000", "paymentsForOperatingActivities": "None", "proceedsFromOperatingActivities": "None", "changeInOperatingLiabilities": "None", "changeInOperatingAssets": "None", "depreciationDepletionAndAmortization": "369423000", "capitalExpenditures": "299110000", "changeInReceivables": "-424702000", "changeInInventory": "105218000", "profitLoss": "None", "cashflowFromInvestment": "-2431555000", "cashflowFromFinancing": "1598234000", "proceedsFromRepaymentsOfShortTermDebt": "None", "paymentsForRepurchaseOfCommonStock": "None", "paymentsForRepurchaseOfEquity": "None", "paymentsForRepurchaseOfPreferredStock": "None", "dividendPayout": "0", "dividendPayoutCommonStock": "0", "dividendPayoutPreferredStock": "None", "proceedsFromIssuanceOfCommonStock": "None", "proceedsFromIssuanceOfLongTermDebtAndCapitalSecuritiesNet": "None", "proceedsFromIssuanceOfPreferredStock": "None", "proceedsFromRepurchaseOfEquity": "374731000", "proceedsFromSaleOfTreasuryStock": "None", "changeInCashAndCashEquivalents": "34390000", "changeInExchangeRate": "-7758000", "netIncome": "-232175000"}, {"fiscalDateEnding": "2013-01-31", "reportedCurrency": "USD", "operatingCashflow": "736897000", "paymentsForOperatingActivities": "None", "proceedsFromOperatingActivities": "None", "changeInOperatingLiabilities": "None", "changeInOperatingAssets": "None", "depreciationDepletionAndAmortization": "216795000", "capitalExpenditures": "179707000", "changeInReceivables": "-183242000", "changeInInventory": "-9718000", "profitLoss": "None", "cashflowFromInvestment": "-938918000", "cashflowFromFinancing": "334545000", "proceedsFromRepaymentsOfShortTermDebt": "None", "paymentsForRepurchaseOfCommonStock": "None", "paymentsForRepurchaseOfEquity": "None", "paymentsForRepurchaseOfPreferredStock": "None", "dividendPayout": "0", "dividendPayoutCommonStock": "0", "dividendPayoutPreferredStock": "None", "proceedsFromIssuanceOfCommonStock": "None", "proceedsFromIssuanceOfLongTermDebtAndCapitalSecuritiesNet": "None", "proceedsFromIssuanceOfPreferredStock": "None", "proceedsFromRepurchaseOfEquity": "351366000", "proceedsFromSaleOfTreasuryStock": "None", "changeInCashAndCashEquivalents": "139961000", "changeInExchangeRate": "7437000", "netIncome": "-270445000"}, {"fiscalDateEnding": "2012-01-31", "reportedCurrency": "USD", "operatingCashflow": "591507000", "paymentsForOperatingActivities": "None", "proceedsFromOperatingActivities": "None", "changeInOperatingLiabilities": "None", "changeInOperatingAssets": "None", "depreciationDepletionAndAmortization": "157286000", "capitalExpenditures": "171300000", "changeInReceivables": "-244947000", "changeInInventory": "56956000", "profitLoss": "None", "cashflowFromInvestment": "-489690000", "cashflowFromFinancing": "75850000", "proceedsFromRepaymentsOfShortTermDebt": "None", "paymentsForRepurchaseOfCommonStock": "None", "paymentsForRepurchaseOfEquity": "None", "paymentsForRepurchaseOfPreferredStock": "None", "dividendPayout": "0", "dividendPayoutCommonStock": "0", "dividendPayoutPreferredStock": "None", "proceedsFromIssuanceOfCommonStock": "None", "proceedsFromIssuanceOfLongTermDebtAndCapitalSecuritiesNet": "None", "proceedsFromIssuanceOfPreferredStock": "None", "proceedsFromRepurchaseOfEquity": "116565000", "proceedsFromSaleOfTreasuryStock": "None", "changeInCashAndCashEquivalents": "182992000", "changeInExchangeRate": "5325000", "netIncome": "-11572000"}, {"fiscalDateEnding": "2011-01-31", "reportedCurrency": "USD", "operatingCashflow": "459081000", "paymentsForOperatingActivities": "None", "proceedsFromOperatingActivities": "None", "changeInOperatingLiabilities": "None", "changeInOperatingAssets": "None", "depreciationDepletionAndAmortization": "75746000", "capitalExpenditures": "368831000", "changeInReceivables": "-102507000", "changeInInventory": "134005000", "profitLoss": "None", "cashflowFromInvestment": "-1062554000", "cashflowFromFinancing": "14074000", "proceedsFromRepaymentsOfShortTermDebt": "None", "paymentsForRepurchaseOfCommonStock": "None", "paymentsForRepurchaseOfEquity": "None", "paymentsForRepurchaseOfPreferredStock": "None", "dividendPayout": "171964000", "dividendPayoutCommonStock": "171964000", "dividendPayoutPreferredStock": "None", "proceedsFromIssuanceOfCommonStock": "None", "proceedsFromIssuanceOfLongTermDebtAndCapitalSecuritiesNet": "None", "proceedsFromIssuanceOfPreferredStock": "None", "proceedsFromRepurchaseOfEquity": "-171964000", "proceedsFromSaleOfTreasuryStock": "None", "changeInCashAndCashEquivalents": "-587014000", "changeInExchangeRate": "2385000", "netIncome": "69697000"}, {"fiscalDateEnding": "2010-01-31", "reportedCurrency": "USD", "operatingCashflow": "270911000", "paymentsForOperatingActivities": "None", "proceedsFromOperatingActivities": "None", "changeInOperatingLiabilities": "None", "changeInOperatingAssets": "None", "depreciationDepletionAndAmortization": "53177000", "capitalExpenditures": "53901000", "changeInReceivables": "-54522000", "changeInInventory": "88585000", "profitLoss": "None", "cashflowFromInvestment": "-378616000", "cashflowFromFinancing": "637153000", "proceedsFromRepaymentsOfShortTermDebt": "None", "paymentsForRepurchaseOfCommonStock": "None", "paymentsForRepurchaseOfEquity": "None", "paymentsForRepurchaseOfPreferredStock": "None", "dividendPayout": "0", "dividendPayoutCommonStock": "0", "dividendPayoutPreferredStock": "None", "proceedsFromIssuanceOfCommonStock": "None", "proceedsFromIssuanceOfLongTermDebtAndCapitalSecuritiesNet": "None", "proceedsFromIssuanceOfPreferredStock": "None", "proceedsFromRepurchaseOfEquity": "153139000", "proceedsFromSaleOfTreasuryStock": "None", "changeInCashAndCashEquivalents": "527472000", "changeInExchangeRate": "-1976000", "netIncome": "84692000"}, {"fiscalDateEnding": "2009-01-31", "reportedCurrency": "USD", "operatingCashflow": "229557000", "paymentsForOperatingActivities": "None", "proceedsFromOperatingActivities": "None", "changeInOperatingLiabilities": "None", "changeInOperatingAssets": "None", "depreciationDepletionAndAmortization": "94703000", "capitalExpenditures": "61059000", "changeInReceivables": "None", "changeInInventory": "99845000", "profitLoss": "None", "cashflowFromInvestment": "None", "cashflowFromFinancing": "96911000", "proceedsFromRepaymentsOfShortTermDebt": "None", "paymentsForRepurchaseOfCommonStock": "None", "paymentsForRepurchaseOfEquity": "None", "paymentsForRepurchaseOfPreferredStock": "None", "dividendPayout": "None", "dividendPayoutCommonStock": "None", "dividendPayoutPreferredStock": "None", "proceedsFromIssuanceOfCommonStock": "None", "proceedsFromIssuanceOfLongTermDebtAndCapitalSecuritiesNet": "None", "proceedsFromIssuanceOfPreferredStock": "None", "proceedsFromRepurchaseOfEquity": "None", "proceedsFromSaleOfTreasuryStock": "None", "changeInCashAndCashEquivalents": "None", "changeInExchangeRate": "None", "netIncome": "43428000"}, {"fiscalDateEnding": "2008-01-31", "reportedCurrency": "USD", "operatingCashflow": "204275000", "paymentsForOperatingActivities": "None", "proceedsFromOperatingActivities": "None", "changeInOperatingLiabilities": "None", "changeInOperatingAssets": "None", "depreciationDepletionAndAmortization": "66414000", "capitalExpenditures": "43552000", "changeInReceivables": "None", "changeInInventory": "37574000", "profitLoss": "None", "cashflowFromInvestment": "None", "cashflowFromFinancing": "92713000", "proceedsFromRepaymentsOfShortTermDebt": "None", "paymentsForRepurchaseOfCommonStock": "None", "paymentsForRepurchaseOfEquity": "None", "paymentsForRepurchaseOfPreferredStock": "None", "dividendPayout": "None", "dividendPayoutCommonStock": "None", "dividendPayoutPreferredStock": "None", "proceedsFromIssuanceOfCommonStock": "None", "proceedsFromIssuanceOfLongTermDebtAndCapitalSecuritiesNet": "None", "proceedsFromIssuanceOfPreferredStock": "None", "proceedsFromRepurchaseOfEquity": "None", "proceedsFromSaleOfTreasuryStock": "None", "changeInCashAndCashEquivalents": "None", "changeInExchangeRate": "None", "netIncome": "18356000"}, {"fiscalDateEnding": "2007-01-31", "reportedCurrency": "USD", "operatingCashflow": "111224000", "paymentsForOperatingActivities": "None", "proceedsFromOperatingActivities": "None", "changeInOperatingLiabilities": "None", "changeInOperatingAssets": "None", "depreciationDepletionAndAmortization": "35885000", "capitalExpenditures": "22123000", "changeInReceivables": "None", "changeInInventory": "109139000", "profitLoss": "None", "cashflowFromInvestment": "None", "cashflowFromFinancing": "45027000", "proceedsFromRepaymentsOfShortTermDebt": "None", "paymentsForRepurchaseOfCommonStock": "None", "paymentsForRepurchaseOfEquity": "None", "paymentsForRepurchaseOfPreferredStock": "None", "dividendPayout": "None", "dividendPayoutCommonStock": "None", "dividendPayoutPreferredStock": "None", "proceedsFromIssuanceOfCommonStock": "None", "proceedsFromIssuanceOfLongTermDebtAndCapitalSecuritiesNet": "None", "proceedsFromIssuanceOfPreferredStock": "None", "proceedsFromRepurchaseOfEquity": "-12000", "proceedsFromSaleOfTreasuryStock": "None", "changeInCashAndCashEquivalents": "None", "changeInExchangeRate": "None", "netIncome": "481000"}, {"fiscalDateEnding": "2006-01-31", "reportedCurrency": "USD", "operatingCashflow": "95893000", "paymentsForOperatingActivities": "None", "proceedsFromOperatingActivities": "None", "changeInOperatingLiabilities": "None", "changeInOperatingAssets": "None", "depreciationDepletionAndAmortization": "20633000", "capitalExpenditures": "23434000", "changeInReceivables": "None", "changeInInventory": "None", "profitLoss": "None", "cashflowFromInvestment": "None", "cashflowFromFinancing": "15820000", "proceedsFromRepaymentsOfShortTermDebt": "None", "paymentsForRepurchaseOfCommonStock": "None", "paymentsForRepurchaseOfEquity": "None", "paymentsForRepurchaseOfPreferredStock": "None", "dividendPayout": "None", "dividendPayoutCommonStock": "None", "dividendPayoutPreferredStock": "None", "proceedsFromIssuanceOfCommonStock": "None", "proceedsFromIssuanceOfLongTermDebtAndCapitalSecuritiesNet": "None", "proceedsFromIssuanceOfPreferredStock": "None", "proceedsFromRepurchaseOfEquity": "-28000", "proceedsFromSaleOfTreasuryStock": "None", "changeInCashAndCashEquivalents": "None", "changeInExchangeRate": "None", "netIncome": "28474000"}], "balance_sheet": [{"fiscalDateEnding": "2025-01-31", "reportedCurrency": "USD", "totalAssets": "102928000000", "totalCurrentAssets": "29727000000", "cashAndCashEquivalentsAtCarryingValue": "8848000000", "cashAndShortTermInvestments": "8848000000", "inventory": "None", "currentNetReceivables": "11945000000", "totalNonCurrentAssets": "73201000000", "propertyPlantEquipment": "None", "accumulatedDepreciationAmortizationPPE": "None", "intangibleAssets": "4428000000", "intangibleAssetsExcludingGoodwill": "4428000000", "goodwill": "51283000000", "investments": "None", "longTermInvestments": "4852000000", "shortTermInvestments": "5184000000", "otherCurrentAssets": "3750000000", "otherNonCurrentAssets": "None", "totalLiabilities": "41755000000", "totalCurrentLiabilities": "27980000000", "currentAccountsPayable": "6658000000", "deferredRevenue": "None", "currentDebt": "None", "shortTermDebt": "579000000", "totalNonCurrentLiabilities": "13775000000", "capitalLeaseObligations": "2959000000", "longTermDebt": "8433000000", "currentLongTermDebt": "None", "longTermDebtNoncurrent": "None", "shortLongTermDebtTotal": "11392000000", "otherCurrentLiabilities": "6658000000", "otherNonCurrentLiabilities": "2962000000", "totalShareholderEquity": "61173000000", "treasuryStock": "None", "retainedEarnings": "16369000000", "commonStock": "1000000", "commonStockSharesOutstanding": "974000000"}, {"fiscalDateEnding": "2024-01-31", "reportedCurrency": "USD", "totalAssets": "99823000000", "totalCurrentAssets": "29074000000", "cashAndCashEquivalentsAtCarryingValue": "8472000000", "cashAndShortTermInvestments": "8472000000", "inventory": "None", "currentNetReceivables": "11414000000", "totalNonCurrentAssets": "70749000000", "propertyPlantEquipment": "None", "accumulatedDepreciationAmortizationPPE": "None", "intangibleAssets": "5278000000", "intangibleAssetsExcludingGoodwill": "5278000000", "goodwill": "48620000000", "investments": "None", "longTermInvestments": "4848000000", "shortTermInvestments": "5722000000", "otherCurrentAssets": "3466000000", "otherNonCurrentAssets": "None", "totalLiabilities": "40177000000", "totalCurrentLiabilities": "26631000000", "currentAccountsPayable": "3239000000", "deferredRevenue": "None", "currentDebt": "None", "shortTermDebt": "1517000000", "totalNonCurrentLiabilities": "13546000000", "capitalLeaseObligations": "3162000000", "longTermDebt": "8427000000", "currentLongTermDebt": "999000000", "longTermDebtNoncurrent": "None", "shortLongTermDebtTotal": "12588000000", "otherCurrentLiabilities": "6111000000", "otherNonCurrentLiabilities": "2475000000", "totalShareholderEquity": "59646000000", "treasuryStock": "None", "retainedEarnings": "11721000000", "commonStock": "1000000", "commonStockSharesOutstanding": "984000000"}, {"fiscalDateEnding": "2023-01-31", "reportedCurrency": "USD", "totalAssets": "98849000000", "totalCurrentAssets": "26395000000", "cashAndCashEquivalentsAtCarryingValue": "7016000000", "cashAndShortTermInvestments": "7016000000", "inventory": "1776000000", "currentNetReceivables": "10755000000", "totalNonCurrentAssets": "72454000000", "propertyPlantEquipment": "6592000000", "accumulatedDepreciationAmortizationPPE": "None", "intangibleAssets": "7125000000", "intangibleAssetsExcludingGoodwill": "7125000000", "goodwill": "48568000000", "investments": "None", "longTermInvestments": "4672000000", "shortTermInvestments": "5492000000", "otherCurrentAssets": "1356000000", "otherNonCurrentAssets": "None", "totalLiabilities": "40490000000", "totalCurrentLiabilities": "25891000000", "currentAccountsPayable": "6743000000", "deferredRevenue": "None", "currentDebt": "None", "shortTermDebt": "1772000000", "totalNonCurrentLiabilities": "14599000000", "capitalLeaseObligations": "3487000000", "longTermDebt": "9419000000", "currentLongTermDebt": "1182000000", "longTermDebtNoncurrent": "None", "shortLongTermDebtTotal": "14088000000", "otherCurrentLiabilities": "6743000000", "otherNonCurrentLiabilities": "2283000000", "totalShareholderEquity": "58359000000", "treasuryStock": "None", "retainedEarnings": "7585000000", "commonStock": "1000000", "commonStockSharesOutstanding": "997000000"}, {"fiscalDateEnding": "2022-01-31", "reportedCurrency": "USD", "totalAssets": "95209000000", "totalCurrentAssets": "22850000000", "cashAndCashEquivalentsAtCarryingValue": "5464000000", "cashAndShortTermInvestments": "5464000000", "inventory": "1454000000", "currentNetReceivables": "9739000000", "totalNonCurrentAssets": "72359000000", "propertyPlantEquipment": "5695000000", "accumulatedDepreciationAmortizationPPE": "None", "intangibleAssets": "8978000000", "intangibleAssetsExcludingGoodwill": "8978000000", "goodwill": "47937000000", "investments": "None", "longTermInvestments": "4784000000", "shortTermInvestments": "5073000000", "otherCurrentAssets": "1120000000", "otherNonCurrentAssets": "None", "totalLiabilities": "37078000000", "totalCurrentLiabilities": "21788000000", "currentAccountsPayable": "5474000000", "deferredRevenue": "None", "currentDebt": "None", "shortTermDebt": "686000000", "totalNonCurrentLiabilities": "15290000000", "capitalLeaseObligations": "3389000000", "longTermDebt": "10592000000", "currentLongTermDebt": "4000000", "longTermDebtNoncurrent": "None", "shortLongTermDebtTotal": "13981000000", "otherCurrentLiabilities": "5474000000", "otherNonCurrentLiabilities": "1995000000", "totalShareholderEquity": "58131000000", "treasuryStock": "None", "retainedEarnings": "7377000000", "commonStock": "1000000", "commonStockSharesOutstanding": "974000000"}, {"fiscalDateEnding": "2021-01-31", "reportedCurrency": "USD", "totalAssets": "66301000000", "totalCurrentAssets": "21889000000", "cashAndCashEquivalentsAtCarryingValue": "6195000000", "cashAndShortTermInvestments": "6195000000", "inventory": "1146000000", "currentNetReceivables": "7786000000", "totalNonCurrentAssets": "44412000000", "propertyPlantEquipment": "5663000000", "accumulatedDepreciationAmortizationPPE": "None", "intangibleAssets": "4114000000", "intangibleAssetsExcludingGoodwill": "4114000000", "goodwill": "26318000000", "investments": "None", "longTermInvestments": "3909000000", "shortTermInvestments": "5771000000", "otherCurrentAssets": "991000000", "otherNonCurrentAssets": "None", "totalLiabilities": "24808000000", "totalCurrentLiabilities": "17728000000", "currentAccountsPayable": "4355000000", "deferredRevenue": "None", "currentDebt": "None", "shortTermDebt": "766000000", "totalNonCurrentLiabilities": "7080000000", "capitalLeaseObligations": "3608000000", "longTermDebt": "2673000000", "currentLongTermDebt": "None", "longTermDebtNoncurrent": "None", "shortLongTermDebtTotal": "6281000000", "otherCurrentLiabilities": "12607000000", "otherNonCurrentLiabilities": "1565000000", "totalShareholderEquity": "41493000000", "treasuryStock": "None", "retainedEarnings": "5933000000", "commonStock": "1000000", "commonStockSharesOutstanding": "930000000"}, {"fiscalDateEnding": "2020-01-31", "reportedCurrency": "USD", "totalAssets": "55126000000", "totalCurrentAssets": "15963000000", "cashAndCashEquivalentsAtCarryingValue": "4145000000", "cashAndShortTermInvestments": "4145000000", "inventory": "926000000", "currentNetReceivables": "6174000000", "totalNonCurrentAssets": "39163000000", "propertyPlantEquipment": "5415000000", "accumulatedDepreciationAmortizationPPE": "None", "intangibleAssets": "5303000000", "intangibleAssetsExcludingGoodwill": "5303000000", "goodwill": "25134000000", "investments": "None", "longTermInvestments": "1963000000", "shortTermInvestments": "3802000000", "otherCurrentAssets": "916000000", "otherNonCurrentAssets": "None", "totalLiabilities": "21241000000", "totalCurrentLiabilities": "14845000000", "currentAccountsPayable": "3433000000", "deferredRevenue": "None", "currentDebt": "None", "shortTermDebt": "750000000", "totalNonCurrentLiabilities": "6396000000", "capitalLeaseObligations": "3195000000", "longTermDebt": "2673000000", "currentLongTermDebt": "None", "longTermDebtNoncurrent": "None", "shortLongTermDebtTotal": "5868000000", "otherCurrentLiabilities": "11412000000", "otherNonCurrentLiabilities": "3723000000", "totalShareholderEquity": "33885000000", "treasuryStock": "None", "retainedEarnings": "1861000000", "commonStock": "1000000", "commonStockSharesOutstanding": "850000000"}, {"fiscalDateEnding": "2019-01-31", "reportedCurrency": "USD", "totalAssets": "30737000000", "totalCurrentAssets": "10683000000", "cashAndCashEquivalentsAtCarryingValue": "2669000000", "cashAndShortTermInvestments": "2669000000", "inventory": "788000000", "currentNetReceivables": "4924000000", "totalNonCurrentAssets": "20054000000", "propertyPlantEquipment": "2051000000", "accumulatedDepreciationAmortizationPPE": "None", "intangibleAssets": "2075000000", "intangibleAssetsExcludingGoodwill": "2075000000", "goodwill": "12851000000", "investments": "None", "longTermInvestments": "1302000000", "shortTermInvestments": "1673000000", "otherCurrentAssets": "629000000", "otherNonCurrentAssets": "None", "totalLiabilities": "15132000000", "totalCurrentLiabilities": "11255000000", "currentAccountsPayable": "165000000", "deferredRevenue": "None", "currentDebt": "None", "shortTermDebt": "3000000", "totalNonCurrentLiabilities": "3877000000", "capitalLeaseObligations": "None", "longTermDebt": "3173000000", "currentLongTermDebt": "3000000", "longTermDebtNoncurrent": "None", "shortLongTermDebtTotal": "3176000000", "otherCurrentLiabilities": "2523000000", "otherNonCurrentLiabilities": "704000000", "totalShareholderEquity": "15605000000", "treasuryStock": "None", "retainedEarnings": "1735000000", "commonStock": "1000000", "commonStockSharesOutstanding": "775000000"}, {"fiscalDateEnding": "2018-01-31", "reportedCurrency": "USD", "totalAssets": "21009802000", "totalCurrentAssets": "9290371000", "cashAndCashEquivalentsAtCarryingValue": "2543484000", "cashAndShortTermInvestments": "2543484000", "inventory": "0", "currentNetReceivables": "3950093000", "totalNonCurrentAssets": "11719431000", "propertyPlantEquipment": "1946527000", "accumulatedDepreciationAmortizationPPE": "None", "intangibleAssets": "995289000", "intangibleAssetsExcludingGoodwill": "995289000", "goodwill": "7314096000", "investments": "None", "longTermInvestments": "677283000", "shortTermInvestments": "1978221000", "otherCurrentAssets": "818573000", "otherNonCurrentAssets": "None", "totalLiabilities": "11617439000", "totalCurrentLiabilities": "10129518000", "currentAccountsPayable": "76465000", "deferredRevenue": "None", "currentDebt": "None", "shortTermDebt": "1127256000", "totalNonCurrentLiabilities": "1487921000", "capitalLeaseObligations": "779962000", "longTermDebt": "694781000", "currentLongTermDebt": "1024717000", "longTermDebtNoncurrent": "None", "shortLongTermDebtTotal": "2499460000", "otherCurrentLiabilities": "1831092000", "otherNonCurrentLiabilities": "793140000", "totalShareholderEquity": "9392363000", "treasuryStock": "0", "retainedEarnings": "-337432000", "commonStock": "730000", "commonStockSharesOutstanding": "734598000"}, {"fiscalDateEnding": "2017-01-31", "reportedCurrency": "USD", "totalAssets": "17584923000", "totalCurrentAssets": "5996827000", "cashAndCashEquivalentsAtCarryingValue": "1606549000", "cashAndShortTermInvestments": "1606549000", "inventory": "0", "currentNetReceivables": "3230820000", "totalNonCurrentAssets": "11588096000", "propertyPlantEquipment": "1787534000", "accumulatedDepreciationAmortizationPPE": "None", "intangibleAssets": "1294258000", "intangibleAssetsExcludingGoodwill": "1294258000", "goodwill": "7263846000", "investments": "None", "longTermInvestments": "566953000", "shortTermInvestments": "602338000", "otherCurrentAssets": "557120000", "otherNonCurrentAssets": "None", "totalLiabilities": "10084796000", "totalCurrentLiabilities": "7258353000", "currentAccountsPayable": "115257000", "deferredRevenue": "None", "currentDebt": "None", "shortTermDebt": "19594000", "totalNonCurrentLiabilities": "2826443000", "capitalLeaseObligations": "701155000", "longTermDebt": "2008391000", "currentLongTermDebt": "2792058000", "longTermDebtNoncurrent": "None", "shortLongTermDebtTotal": "2709546000", "otherCurrentLiabilities": "1617813000", "otherNonCurrentLiabilities": "780939000", "totalShareholderEquity": "7500127000", "treasuryStock": "0", "retainedEarnings": "-464910000", "commonStock": "708000", "commonStockSharesOutstanding": "700217000"}, {"fiscalDateEnding": "2016-01-31", "reportedCurrency": "USD", "totalAssets": "12762920000", "totalCurrentAssets": "4347327000", "cashAndCashEquivalentsAtCarryingValue": "1158363000", "cashAndShortTermInvestments": "1158363000", "inventory": "481017000", "currentNetReceivables": "2523506000", "totalNonCurrentAssets": "8415593000", "propertyPlantEquipment": "1715828000", "accumulatedDepreciationAmortizationPPE": "None", "intangibleAssets": "653403000", "intangibleAssetsExcludingGoodwill": "653403000", "goodwill": "3849937000", "investments": "None", "longTermInvestments": "1904717000", "shortTermInvestments": "183018000", "otherCurrentAssets": "1423000", "otherNonCurrentAssets": "None", "totalLiabilities": "7760051000", "totalCurrentLiabilities": "5617005000", "currentAccountsPayable": "71481000", "deferredRevenue": "None", "currentDebt": "None", "shortTermDebt": "15402000", "totalNonCurrentLiabilities": "2143046000", "capitalLeaseObligations": "None", "longTermDebt": "1293947000", "currentLongTermDebt": "2048566000", "longTermDebtNoncurrent": "None", "shortLongTermDebtTotal": "2048500000", "otherCurrentLiabilities": "1262455000", "otherNonCurrentLiabilities": "833065000", "totalShareholderEquity": "5002869000", "treasuryStock": "0", "retainedEarnings": "-653271000", "commonStock": "671000", "commonStockSharesOutstanding": "661647000"}, {"fiscalDateEnding": "2015-01-31", "reportedCurrency": "USD", "totalAssets": "10692982000", "totalCurrentAssets": "3550072000", "cashAndCashEquivalentsAtCarryingValue": "908117000", "cashAndShortTermInvestments": "908117000", "inventory": "632517000", "currentNetReceivables": "1905506000", "totalNonCurrentAssets": "7142910000", "propertyPlantEquipment": "1125866000", "accumulatedDepreciationAmortizationPPE": "None", "intangibleAssets": "779248000", "intangibleAssetsExcludingGoodwill": "779248000", "goodwill": "3782660000", "investments": "None", "longTermInvestments": "894855000", "shortTermInvestments": "87312000", "otherCurrentAssets": "16620000", "otherNonCurrentAssets": "None", "totalLiabilities": "6717799000", "totalCurrentLiabilities": "4390103000", "currentAccountsPayable": "95537000", "deferredRevenue": "None", "currentDebt": "None", "shortTermDebt": "994714000", "totalNonCurrentLiabilities": "2327696000", "capitalLeaseObligations": "None", "longTermDebt": "1370692000", "currentLongTermDebt": "1495981000", "longTermDebtNoncurrent": "None", "shortLongTermDebtTotal": "2365406000", "otherCurrentLiabilities": "13084000", "otherNonCurrentLiabilities": "922323000", "totalShareholderEquity": "3975183000", "treasuryStock": "0", "retainedEarnings": "-605845000", "commonStock": "651000", "commonStockSharesOutstanding": "624148000"}, {"fiscalDateEnding": "2014-01-31", "reportedCurrency": "USD", "totalAssets": "9152930000", "totalCurrentAssets": "2680252000", "cashAndCashEquivalentsAtCarryingValue": "781635000", "cashAndShortTermInvestments": "781635000", "inventory": "403273000", "currentNetReceivables": "1360837000", "totalNonCurrentAssets": "6472678000", "propertyPlantEquipment": "1240746000", "accumulatedDepreciationAmortizationPPE": "None", "intangibleAssets": "909993000", "intangibleAssetsExcludingGoodwill": "909993000", "goodwill": "3500823000", "investments": "None", "longTermInvestments": "482243000", "shortTermInvestments": "57139000", "otherCurrentAssets": "480641000", "otherNonCurrentAssets": "None", "totalLiabilities": "6087715000", "totalCurrentLiabilities": "3980188000", "currentAccountsPayable": "64988000", "deferredRevenue": "None", "currentDebt": "None", "shortTermDebt": "572159000", "totalNonCurrentLiabilities": "2107527000", "capitalLeaseObligations": "None", "longTermDebt": "1301930000", "currentLongTermDebt": "None", "longTermDebtNoncurrent": "None", "shortLongTermDebtTotal": "2508563000", "otherCurrentLiabilities": "716310000", "otherNonCurrentLiabilities": "757187000", "totalShareholderEquity": "3065215000", "treasuryStock": "0", "retainedEarnings": "-343157000", "commonStock": "610000", "commonStockSharesOutstanding": "597613000"}, {"fiscalDateEnding": "2013-01-31", "reportedCurrency": "USD", "totalAssets": "5528956000", "totalCurrentAssets": "2015880000", "cashAndCashEquivalentsAtCarryingValue": "747245000", "cashAndShortTermInvestments": "747245000", "inventory": "0", "currentNetReceivables": "872634000", "totalNonCurrentAssets": "3513076000", "propertyPlantEquipment": "604669000", "accumulatedDepreciationAmortizationPPE": "None", "intangibleAssets": "270549000", "intangibleAssetsExcludingGoodwill": "270549000", "goodwill": "1529378000", "investments": "None", "longTermInvestments": "890664000", "shortTermInvestments": "120376000", "otherCurrentAssets": "275625000", "otherNonCurrentAssets": "None", "totalLiabilities": "3157711000", "totalCurrentLiabilities": "2917624000", "currentAccountsPayable": "14535000", "deferredRevenue": "None", "currentDebt": "None", "shortTermDebt": "521278000", "totalNonCurrentLiabilities": "240087000", "capitalLeaseObligations": "126658000", "longTermDebt": "0", "currentLongTermDebt": "None", "longTermDebtNoncurrent": "None", "shortLongTermDebtTotal": "647936000", "otherCurrentLiabilities": "462830000", "otherNonCurrentLiabilities": "49074000", "totalShareholderEquity": "2371245000", "treasuryStock": "-2317633000", "retainedEarnings": "-110982000", "commonStock": "586000", "commonStockSharesOutstanding": "564896000"}, {"fiscalDateEnding": "2012-01-31", "reportedCurrency": "USD", "totalAssets": "4164154000", "totalCurrentAssets": "1672222000", "cashAndCashEquivalentsAtCarryingValue": "607284000", "cashAndShortTermInvestments": "607284000", "inventory": "0", "currentNetReceivables": "683745000", "totalNonCurrentAssets": "2491932000", "propertyPlantEquipment": "527946000", "accumulatedDepreciationAmortizationPPE": "None", "intangibleAssets": "249542000", "intangibleAssetsExcludingGoodwill": "249542000", "goodwill": "785381000", "investments": "None", "longTermInvestments": "669308000", "shortTermInvestments": "170582000", "otherCurrentAssets": "210611000", "otherNonCurrentAssets": "None", "totalLiabilities": "2498053000", "totalCurrentLiabilities": "2300031000", "currentAccountsPayable": "33258000", "deferredRevenue": "None", "currentDebt": "None", "shortTermDebt": "496149000", "totalNonCurrentLiabilities": "198022000", "capitalLeaseObligations": "48651000", "longTermDebt": "33412000", "currentLongTermDebt": "None", "longTermDebtNoncurrent": "None", "shortLongTermDebtTotal": "568240000", "otherCurrentLiabilities": "378531000", "otherNonCurrentLiabilities": "37258000", "totalShareholderEquity": "1666101000", "treasuryStock": "0", "retainedEarnings": "159463000", "commonStock": "137000", "commonStockSharesOutstanding": "541208000"}, {"fiscalDateEnding": "2011-01-31", "reportedCurrency": "USD", "totalAssets": "3091165000", "totalCurrentAssets": "1074924000", "cashAndCashEquivalentsAtCarryingValue": "424292000", "cashAndShortTermInvestments": "424292000", "inventory": "0", "currentNetReceivables": "426943000", "totalNonCurrentAssets": "2016241000", "propertyPlantEquipment": "387174000", "accumulatedDepreciationAmortizationPPE": "None", "intangibleAssets": "165521000", "intangibleAssetsExcludingGoodwill": "165521000", "goodwill": "396081000", "investments": "None", "longTermInvestments": "910587000", "shortTermInvestments": "72678000", "otherCurrentAssets": "151011000", "otherNonCurrentAssets": "None", "totalLiabilities": "1814674000", "totalCurrentLiabilities": "1276466000", "currentAccountsPayable": "18106000", "deferredRevenue": "None", "currentDebt": "None", "shortTermDebt": "None", "totalNonCurrentLiabilities": "538208000", "capitalLeaseObligations": "25487000", "longTermDebt": "472538000", "currentLongTermDebt": "None", "longTermDebtNoncurrent": "None", "shortLongTermDebtTotal": "498025000", "otherCurrentLiabilities": "295986000", "otherNonCurrentLiabilities": "18481000", "totalShareholderEquity": "1276491000", "treasuryStock": "0", "retainedEarnings": "171035000", "commonStock": "133000", "commonStockSharesOutstanding": "548714894"}, {"fiscalDateEnding": "2010-01-31", "reportedCurrency": "USD", "totalAssets": "2460201000", "totalCurrentAssets": "1706159000", "cashAndCashEquivalentsAtCarryingValue": "1011306000", "cashAndShortTermInvestments": "1011306000", "inventory": "0", "currentNetReceivables": "320956000", "totalNonCurrentAssets": "754042000", "propertyPlantEquipment": "89711000", "accumulatedDepreciationAmortizationPPE": "None", "intangibleAssets": "41555000", "intangibleAssetsExcludingGoodwill": "41555000", "goodwill": "48955000", "investments": "None", "longTermInvestments": "485083000", "shortTermInvestments": "230659000", "otherCurrentAssets": "143238000", "otherNonCurrentAssets": "None", "totalLiabilities": "1403535000", "totalCurrentLiabilities": "908130000", "currentAccountsPayable": "14791000", "deferredRevenue": "None", "currentDebt": "None", "shortTermDebt": "None", "totalNonCurrentLiabilities": "495405000", "capitalLeaseObligations": "13485000", "longTermDebt": "450198000", "currentLongTermDebt": "None", "longTermDebtNoncurrent": "None", "shortLongTermDebtTotal": "463683000", "otherCurrentLiabilities": "194738000", "otherNonCurrentLiabilities": "17551000", "totalShareholderEquity": "1043802000", "treasuryStock": "-1056666000", "retainedEarnings": "106561000", "commonStock": "127000", "commonStockSharesOutstanding": "512456000"}, {"fiscalDateEnding": "2009-01-31", "reportedCurrency": "USD", "totalAssets": "1479822000", "totalCurrentAssets": "1068557000", "cashAndCashEquivalentsAtCarryingValue": "483834000", "cashAndShortTermInvestments": "483834000", "inventory": "None", "currentNetReceivables": "266555000", "totalNonCurrentAssets": "411265000", "propertyPlantEquipment": "77027000", "accumulatedDepreciationAmortizationPPE": "None", "intangibleAssets": "29989000", "intangibleAssetsExcludingGoodwill": "29989000", "goodwill": "44872000", "investments": "None", "longTermInvestments": "None", "shortTermInvestments": "213769000", "otherCurrentAssets": "104399000", "otherNonCurrentAssets": "None", "totalLiabilities": "797335000", "totalCurrentLiabilities": "766966000", "currentAccountsPayable": "16379000", "deferredRevenue": "None", "currentDebt": "None", "shortTermDebt": "None", "totalNonCurrentLiabilities": "30369000", "capitalLeaseObligations": "None", "longTermDebt": "4050000", "currentLongTermDebt": "None", "longTermDebtNoncurrent": "None", "shortLongTermDebtTotal": "12490000", "otherCurrentLiabilities": "166824000", "otherNonCurrentLiabilities": "None", "totalShareholderEquity": "671784000", "treasuryStock": "None", "retainedEarnings": "25842000", "commonStock": "123000", "commonStockSharesOutstanding": "500912000"}, {"fiscalDateEnding": "2008-01-31", "reportedCurrency": "USD", "totalAssets": "1089593000", "totalCurrentAssets": "740811000", "cashAndCashEquivalentsAtCarryingValue": "279095000", "cashAndShortTermInvestments": "279095000", "inventory": "24852000", "currentNetReceivables": "220061000", "totalNonCurrentAssets": "348782000", "propertyPlantEquipment": "41380000", "accumulatedDepreciationAmortizationPPE": "None", "intangibleAssets": "24570000", "intangibleAssetsExcludingGoodwill": "24570000", "goodwill": "8556000", "investments": "None", "longTermInvestments": "None", "shortTermInvestments": "171748000", "otherCurrentAssets": "69907000", "otherNonCurrentAssets": "None", "totalLiabilities": "628591000", "totalCurrentLiabilities": "605917000", "currentAccountsPayable": "7478000", "deferredRevenue": "None", "currentDebt": "None", "shortTermDebt": "125996000", "totalNonCurrentLiabilities": "22674000", "capitalLeaseObligations": "None", "longTermDebt": "None", "currentLongTermDebt": "None", "longTermDebtNoncurrent": "None", "shortLongTermDebtTotal": "2136000", "otherCurrentLiabilities": "125996000", "otherNonCurrentLiabilities": "None", "totalShareholderEquity": "452059000", "treasuryStock": "None", "retainedEarnings": "-17586000", "commonStock": "119000", "commonStockSharesOutstanding": "489688000"}, {"fiscalDateEnding": "2007-01-31", "reportedCurrency": "USD", "totalAssets": "664832000", "totalCurrentAssets": "419096000", "cashAndCashEquivalentsAtCarryingValue": "86608000", "cashAndShortTermInvestments": "86608000", "inventory": "12009000", "currentNetReceivables": "128693000", "totalNonCurrentAssets": "245736000", "propertyPlantEquipment": "30155000", "accumulatedDepreciationAmortizationPPE": "None", "intangibleAssets": "11489000", "intangibleAssetsExcludingGoodwill": "11489000", "goodwill": "6705000", "investments": "None", "longTermInvestments": "None", "shortTermInvestments": "165816000", "otherCurrentAssets": "37979000", "otherNonCurrentAssets": "None", "totalLiabilities": "378407000", "totalCurrentLiabilities": "373191000", "currentAccountsPayable": "8870000", "deferredRevenue": "None", "currentDebt": "None", "shortTermDebt": "176000", "totalNonCurrentLiabilities": "5216000", "capitalLeaseObligations": "None", "longTermDebt": "6000", "currentLongTermDebt": "None", "longTermDebtNoncurrent": "None", "shortLongTermDebtTotal": "182000", "otherCurrentLiabilities": "77151000", "otherNonCurrentLiabilities": "None", "totalShareholderEquity": "281791000", "treasuryStock": "None", "retainedEarnings": "-35633000", "commonStock": "115000", "commonStockSharesOutstanding": "480616000"}, {"fiscalDateEnding": "2006-01-31", "reportedCurrency": "USD", "totalAssets": "434749000", "totalCurrentAssets": "303217000", "cashAndCashEquivalentsAtCarryingValue": "99842000", "cashAndShortTermInvestments": "99842000", "inventory": "6338000", "currentNetReceivables": "76128000", "totalNonCurrentAssets": "131532000", "propertyPlantEquipment": "24216000", "accumulatedDepreciationAmortizationPPE": "None", "intangibleAssets": "1550000", "intangibleAssetsExcludingGoodwill": "1550000", "goodwill": "None", "investments": "None", "longTermInvestments": "None", "shortTermInvestments": "107723000", "otherCurrentAssets": "19524000", "otherNonCurrentAssets": "None", "totalLiabilities": "235964000", "totalCurrentLiabilities": "234625000", "currentAccountsPayable": "10212000", "deferredRevenue": "None", "currentDebt": "None", "shortTermDebt": "615000", "totalNonCurrentLiabilities": "1339000", "capitalLeaseObligations": "None", "longTermDebt": "184000", "currentLongTermDebt": "None", "longTermDebtNoncurrent": "None", "shortLongTermDebtTotal": "799000", "otherCurrentLiabilities": "51973000", "otherNonCurrentLiabilities": "None", "totalShareholderEquity": "196371000", "treasuryStock": "None", "retainedEarnings": "-36114000", "commonStock": "111000", "commonStockSharesOutstanding": "474948000"}], "income_stmt": [{"fiscalDateEnding": "2025-01-31", "reportedCurrency": "USD", "grossProfit": "29252000000", "totalRevenue": "37895000000", "costOfRevenue": "8643000000", "costofGoodsAndServicesSold": "8643000000", "operatingIncome": "7205000000", "sellingGeneralAndAdministrative": "2836000000", "researchAndDevelopment": "5493000000", "operatingExpenses": "22047000000", "investmentIncomeNet": "None", "netInterestIncome": "None", "interestIncome": "None", "interestExpense": "None", "nonInterestIncome": "None", "otherNonOperatingIncome": "None", "depreciation": "None", "depreciationAndAmortization": "3477000000", "incomeBeforeTax": "7438000000", "incomeTaxExpense": "1241000000", "interestAndDebtExpense": "None", "netIncomeFromContinuingOperations": "6197000000", "comprehensiveIncomeNetOfTax": "None", "ebit": "7666000000", "ebitda": "11143000000", "netIncome": "6197000000"}, {"fiscalDateEnding": "2024-01-31", "reportedCurrency": "USD", "grossProfit": "26316000000", "totalRevenue": "34857000000", "costOfRevenue": "8541000000", "costofGoodsAndServicesSold": "8541000000", "operatingIncome": "5011000000", "sellingGeneralAndAdministrative": "2534000000", "researchAndDevelopment": "4906000000", "operatingExpenses": "20317000000", "investmentIncomeNet": "None", "netInterestIncome": "None", "interestIncome": "None", "interestExpense": "None", "nonInterestIncome": "None", "otherNonOperatingIncome": "None", "depreciation": "None", "depreciationAndAmortization": "3222000000", "incomeBeforeTax": "4950000000", "incomeTaxExpense": "814000000", "interestAndDebtExpense": "None", "netIncomeFromContinuingOperations": "4136000000", "comprehensiveIncomeNetOfTax": "None", "ebit": "5999000000", "ebitda": "9221000000", "netIncome": "4136000000"}, {"fiscalDateEnding": "2023-01-31", "reportedCurrency": "USD", "grossProfit": "22992000000", "totalRevenue": "31352000000", "costOfRevenue": "8360000000", "costofGoodsAndServicesSold": "8360000000", "operatingIncome": "2925000000", "sellingGeneralAndAdministrative": "2553000000", "researchAndDevelopment": "5055000000", "operatingExpenses": "21134000000", "investmentIncomeNet": "None", "netInterestIncome": "-287000000", "interestIncome": "35000000", "interestExpense": "287000000", "nonInterestIncome": "None", "otherNonOperatingIncome": "-370000000", "depreciation": "None", "depreciationAndAmortization": "3786000000", "incomeBeforeTax": "660000000", "incomeTaxExpense": "452000000", "interestAndDebtExpense": "None", "netIncomeFromContinuingOperations": "208000000", "comprehensiveIncomeNetOfTax": "None", "ebit": "2925000000", "ebitda": "6711000000", "netIncome": "208000000"}, {"fiscalDateEnding": "2022-01-31", "reportedCurrency": "USD", "grossProfit": "19466000000", "totalRevenue": "26492000000", "costOfRevenue": "7026000000", "costofGoodsAndServicesSold": "7026000000", "operatingIncome": "-663000000", "sellingGeneralAndAdministrative": "2598000000", "researchAndDevelopment": "4465000000", "operatingExpenses": "18918000000", "investmentIncomeNet": "None", "netInterestIncome": "995000000", "interestIncome": "1211000000", "interestExpense": "216000000", "nonInterestIncome": "None", "otherNonOperatingIncome": "-227000000", "depreciation": "None", "depreciationAndAmortization": "3298000000", "incomeBeforeTax": "1532000000", "incomeTaxExpense": "88000000", "interestAndDebtExpense": "None", "netIncomeFromContinuingOperations": "1444000000", "comprehensiveIncomeNetOfTax": "None", "ebit": "-663000000", "ebitda": "2635000000", "netIncome": "1444000000"}, {"fiscalDateEnding": "2021-01-31", "reportedCurrency": "USD", "grossProfit": "15814000000", "totalRevenue": "21252000000", "costOfRevenue": "5438000000", "costofGoodsAndServicesSold": "5438000000", "operatingIncome": "-1715000000", "sellingGeneralAndAdministrative": "2087000000", "researchAndDevelopment": "3598000000", "operatingExpenses": "15359000000", "investmentIncomeNet": "None", "netInterestIncome": "2060000000", "interestIncome": "2170000000", "interestExpense": "110000000", "nonInterestIncome": "None", "otherNonOperatingIncome": "-64000000", "depreciation": "None", "depreciationAndAmortization": "2846000000", "incomeBeforeTax": "2561000000", "incomeTaxExpense": "-1511000000", "interestAndDebtExpense": "None", "netIncomeFromContinuingOperations": "4072000000", "comprehensiveIncomeNetOfTax": "None", "ebit": "-1715000000", "ebitda": "1131000000", "netIncome": "4072000000"}, {"fiscalDateEnding": "2020-01-31", "reportedCurrency": "USD", "grossProfit": "12863000000", "totalRevenue": "17098000000", "costOfRevenue": "4235000000", "costofGoodsAndServicesSold": "4235000000", "operatingIncome": "202000000", "sellingGeneralAndAdministrative": "1704000000", "researchAndDevelopment": "2766000000", "operatingExpenses": "12400000000", "investmentIncomeNet": "None", "netInterestIncome": "8000000", "interestIncome": "118000000", "interestExpense": "110000000", "nonInterestIncome": "None", "otherNonOperatingIncome": "409000000", "depreciation": "None", "depreciationAndAmortization": "2135000000", "incomeBeforeTax": "706000000", "incomeTaxExpense": "580000000", "interestAndDebtExpense": "None", "netIncomeFromContinuingOperations": "126000000", "comprehensiveIncomeNetOfTax": "None", "ebit": "202000000", "ebitda": "2337000000", "netIncome": "126000000"}, {"fiscalDateEnding": "2019-01-31", "reportedCurrency": "USD", "grossProfit": "9831000000", "totalRevenue": "13282000000", "costOfRevenue": "3451000000", "costofGoodsAndServicesSold": "3451000000", "operatingIncome": "535000000", "sellingGeneralAndAdministrative": "1346000000", "researchAndDevelopment": "1886000000", "operatingExpenses": "9296000000", "investmentIncomeNet": "None", "netInterestIncome": "-69000000", "interestIncome": "57000000", "interestExpense": "126000000", "nonInterestIncome": "None", "otherNonOperatingIncome": "448000000", "depreciation": "None", "depreciationAndAmortization": "962000000", "incomeBeforeTax": "983000000", "incomeTaxExpense": "-127000000", "interestAndDebtExpense": "None", "netIncomeFromContinuingOperations": "1110000000", "comprehensiveIncomeNetOfTax": "None", "ebit": "1137000000", "ebitda": "2099000000", "netIncome": "1110000000"}, {"fiscalDateEnding": "2018-01-31", "reportedCurrency": "USD", "grossProfit": "7706490000", "totalRevenue": "10480012000", "costOfRevenue": "2773522000", "costofGoodsAndServicesSold": "2773522000", "operatingIncome": "235768000", "sellingGeneralAndAdministrative": "1088358000", "researchAndDevelopment": "1553073000", "operatingExpenses": "7470722000", "investmentIncomeNet": "None", "netInterestIncome": "-18000000", "interestIncome": "36000000", "interestExpense": "54000000", "nonInterestIncome": "None", "otherNonOperatingIncome": "-39000000", "depreciation": "None", "depreciationAndAmortization": "752600000", "incomeBeforeTax": "202108000", "incomeTaxExpense": "74630000", "interestAndDebtExpense": "None", "netIncomeFromContinuingOperations": "127478000", "comprehensiveIncomeNetOfTax": "None", "ebit": "289051000", "ebitda": "1041651000", "netIncome": "127478000"}, {"fiscalDateEnding": "2017-01-31", "reportedCurrency": "USD", "grossProfit": "6203000000", "totalRevenue": "8391984000", "costOfRevenue": "2234000000", "costofGoodsAndServicesSold": "2234000000", "operatingIncome": "218000000", "sellingGeneralAndAdministrative": "966000000", "researchAndDevelopment": "1208000000", "operatingExpenses": "5985000000", "investmentIncomeNet": "None", "netInterestIncome": "-67087000", "interestIncome": "21901000", "interestExpense": "89000000", "nonInterestIncome": "None", "otherNonOperatingIncome": "50143000", "depreciation": "None", "depreciationAndAmortization": "632000000", "incomeBeforeTax": "179000000", "incomeTaxExpense": "-144000000", "interestAndDebtExpense": "None", "netIncomeFromContinuingOperations": "179632000", "comprehensiveIncomeNetOfTax": "None", "ebit": "218000000", "ebitda": "850000000", "netIncome": "323000000"}, {"fiscalDateEnding": "2016-01-31", "reportedCurrency": "USD", "grossProfit": "5012668000", "totalRevenue": "6667216000", "costOfRevenue": "1654548000", "costofGoodsAndServicesSold": "1654548000", "operatingIncome": "114923000", "sellingGeneralAndAdministrative": "711621000", "researchAndDevelopment": "946300000", "operatingExpenses": "4897745000", "investmentIncomeNet": "None", "netInterestIncome": "None", "interestIncome": "82930000", "interestExpense": "72485000", "nonInterestIncome": "None", "otherNonOperatingIncome": "21841000", "depreciation": "None", "depreciationAndAmortization": "525750000", "incomeBeforeTax": "64279000", "incomeTaxExpense": "111705000", "interestAndDebtExpense": "None", "netIncomeFromContinuingOperations": "-47426000", "comprehensiveIncomeNetOfTax": "None", "ebit": "136764000", "ebitda": "662514000", "netIncome": "-47426000"}, {"fiscalDateEnding": "2015-01-31", "reportedCurrency": "USD", "grossProfit": "4084316000", "totalRevenue": "5373586000", "costOfRevenue": "1289270000", "costofGoodsAndServicesSold": "1289270000", "operatingIncome": "-145633000", "sellingGeneralAndAdministrative": "679936000", "researchAndDevelopment": "792917000", "operatingExpenses": "4229949000", "investmentIncomeNet": "None", "netInterestIncome": "None", "interestIncome": "None", "interestExpense": "73237000", "nonInterestIncome": "None", "otherNonOperatingIncome": "5785000", "depreciation": "None", "depreciationAndAmortization": "448296000", "incomeBeforeTax": "-213085000", "incomeTaxExpense": "49603000", "interestAndDebtExpense": "None", "netIncomeFromContinuingOperations": "-262688000", "comprehensiveIncomeNetOfTax": "None", "ebit": "-139848000", "ebitda": "308448000", "netIncome": "-262688000"}, {"fiscalDateEnding": "2014-01-31", "reportedCurrency": "USD", "grossProfit": "3102575000", "totalRevenue": "4071003000", "costOfRevenue": "968428000", "costofGoodsAndServicesSold": "968428000", "operatingIncome": "-286074000", "sellingGeneralAndAdministrative": "596719000", "researchAndDevelopment": "623798000", "operatingExpenses": "3388649000", "investmentIncomeNet": "None", "netInterestIncome": "None", "interestIncome": "None", "interestExpense": "77211000", "nonInterestIncome": "None", "otherNonOperatingIncome": "5350000", "depreciation": "None", "depreciationAndAmortization": "369423000", "incomeBeforeTax": "-357935000", "incomeTaxExpense": "-125760000", "interestAndDebtExpense": "None", "netIncomeFromContinuingOperations": "-232175000", "comprehensiveIncomeNetOfTax": "None", "ebit": "-280724000", "ebitda": "88699000", "netIncome": "-232175000"}, {"fiscalDateEnding": "2013-01-31", "reportedCurrency": "USD", "grossProfit": "2366616000", "totalRevenue": "3050195000", "costOfRevenue": "683579000", "costofGoodsAndServicesSold": "683579000", "operatingIncome": "-110710000", "sellingGeneralAndAdministrative": "433821000", "researchAndDevelopment": "429479000", "operatingExpenses": "2477326000", "investmentIncomeNet": "None", "netInterestIncome": "None", "interestIncome": "None", "interestExpense": "30948000", "nonInterestIncome": "None", "otherNonOperatingIncome": "13864000", "depreciation": "None", "depreciationAndAmortization": "216795000", "incomeBeforeTax": "-127794000", "incomeTaxExpense": "142651000", "interestAndDebtExpense": "None", "netIncomeFromContinuingOperations": "-270445000", "comprehensiveIncomeNetOfTax": "None", "ebit": "-96846000", "ebitda": "119949000", "netIncome": "-270445000"}, {"fiscalDateEnding": "2012-01-31", "reportedCurrency": "USD", "grossProfit": "1777653000", "totalRevenue": "2266539000", "costOfRevenue": "488886000", "costofGoodsAndServicesSold": "488886000", "operatingIncome": "-35085000", "sellingGeneralAndAdministrative": "347781000", "researchAndDevelopment": "295347000", "operatingExpenses": "1812738000", "investmentIncomeNet": "None", "netInterestIncome": "None", "interestIncome": "None", "interestExpense": "17045000", "nonInterestIncome": "None", "otherNonOperatingIncome": "18813000", "depreciation": "None", "depreciationAndAmortization": "157286000", "incomeBeforeTax": "-33317000", "incomeTaxExpense": "-21745000", "interestAndDebtExpense": "None", "netIncomeFromContinuingOperations": "-11572000", "comprehensiveIncomeNetOfTax": "None", "ebit": "-16272000", "ebitda": "141014000", "netIncome": "-11572000"}, {"fiscalDateEnding": "2011-01-31", "reportedCurrency": "USD", "grossProfit": "1333326000", "totalRevenue": "1657139000", "costOfRevenue": "323813000", "costofGoodsAndServicesSold": "323813000", "operatingIncome": "97497000", "sellingGeneralAndAdministrative": "255913000", "researchAndDevelopment": "187887000", "operatingExpenses": "1235829000", "investmentIncomeNet": "None", "netInterestIncome": "None", "interestIncome": "None", "interestExpense": "24909000", "nonInterestIncome": "None", "otherNonOperatingIncome": "31710000", "depreciation": "None", "depreciationAndAmortization": "75746000", "incomeBeforeTax": "104298000", "incomeTaxExpense": "34601000", "interestAndDebtExpense": "None", "netIncomeFromContinuingOperations": "69697000", "comprehensiveIncomeNetOfTax": "None", "ebit": "129207000", "ebitda": "204953000", "netIncome": "64474000"}, {"fiscalDateEnding": "2010-01-31", "reportedCurrency": "USD", "grossProfit": "1047658000", "totalRevenue": "1305583000", "costOfRevenue": "257925000", "costofGoodsAndServicesSold": "257925000", "operatingIncome": "115272000", "sellingGeneralAndAdministrative": "195290000", "researchAndDevelopment": "131897000", "operatingExpenses": "932386000", "investmentIncomeNet": "None", "netInterestIncome": "None", "interestIncome": "None", "interestExpense": "2000000", "nonInterestIncome": "None", "otherNonOperatingIncome": "29109000", "depreciation": "None", "depreciationAndAmortization": "53177000", "incomeBeforeTax": "142381000", "incomeTaxExpense": "57689000", "interestAndDebtExpense": "None", "netIncomeFromContinuingOperations": "84692000", "comprehensiveIncomeNetOfTax": "None", "ebit": "144381000", "ebitda": "197558000", "netIncome": "80719000"}, {"fiscalDateEnding": "2009-01-31", "reportedCurrency": "USD", "grossProfit": "856298000", "totalRevenue": "1076769000", "costOfRevenue": "220471000", "costofGoodsAndServicesSold": "220471000", "operatingIncome": "63742000", "sellingGeneralAndAdministrative": "158613000", "researchAndDevelopment": "99530000", "operatingExpenses": "792556000", "investmentIncomeNet": "None", "netInterestIncome": "None", "interestIncome": "None", "interestExpense": "107000", "nonInterestIncome": "None", "otherNonOperatingIncome": "None", "depreciation": "None", "depreciationAndAmortization": "35971000", "incomeBeforeTax": "85592000", "incomeTaxExpense": "37557000", "interestAndDebtExpense": "None", "netIncomeFromContinuingOperations": "None", "comprehensiveIncomeNetOfTax": "None", "ebit": "85592000", "ebitda": "121563000", "netIncome": "43428000"}, {"fiscalDateEnding": "2008-01-31", "reportedCurrency": "USD", "grossProfit": "577109000", "totalRevenue": "748700000", "costOfRevenue": "171591000", "costofGoodsAndServicesSold": "171591000", "operatingIncome": "20309000", "sellingGeneralAndAdministrative": "116508000", "researchAndDevelopment": "63812000", "operatingExpenses": "556800000", "investmentIncomeNet": "None", "netInterestIncome": "None", "interestIncome": "None", "interestExpense": "46000", "nonInterestIncome": "None", "otherNonOperatingIncome": "None", "depreciation": "None", "depreciationAndAmortization": "66414000", "incomeBeforeTax": "46213000", "incomeTaxExpense": "23385000", "interestAndDebtExpense": "None", "netIncomeFromContinuingOperations": "None", "comprehensiveIncomeNetOfTax": "None", "ebit": "-46105000", "ebitda": "20309000", "netIncome": "18356000"}, {"fiscalDateEnding": "2007-01-31", "reportedCurrency": "USD", "grossProfit": "378208000", "totalRevenue": "497098000", "costOfRevenue": "118890000", "costofGoodsAndServicesSold": "118890000", "operatingIncome": "-3598000", "sellingGeneralAndAdministrative": "47986000", "researchAndDevelopment": "44614000", "operatingExpenses": "381806000", "investmentIncomeNet": "None", "netInterestIncome": "None", "interestIncome": "None", "interestExpense": "69000", "nonInterestIncome": "None", "otherNonOperatingIncome": "None", "depreciation": "None", "depreciationAndAmortization": "35885000", "incomeBeforeTax": "12496000", "incomeTaxExpense": "9795000", "interestAndDebtExpense": "None", "netIncomeFromContinuingOperations": "None", "comprehensiveIncomeNetOfTax": "None", "ebit": "-3598000", "ebitda": "32287000", "netIncome": "481000"}, {"fiscalDateEnding": "2006-01-31", "reportedCurrency": "USD", "grossProfit": "240731000", "totalRevenue": "309857000", "costOfRevenue": "69126000", "costofGoodsAndServicesSold": "69126000", "operatingIncome": "20102000", "sellingGeneralAndAdministrative": "47986000", "researchAndDevelopment": "23330000", "operatingExpenses": "220629000", "investmentIncomeNet": "None", "netInterestIncome": "None", "interestIncome": "None", "interestExpense": "69000", "nonInterestIncome": "None", "otherNonOperatingIncome": "None", "depreciation": "None", "depreciationAndAmortization": "20633000", "incomeBeforeTax": "28198000", "incomeTaxExpense": "-1310000", "interestAndDebtExpense": "None", "netIncomeFromContinuingOperations": "None", "comprehensiveIncomeNetOfTax": "None", "ebit": "-531000", "ebitda": "20102000", "netIncome": "28474000"}]}