{"cash_flow": [{"fiscalDateEnding": "2024-06-30", "reportedCurrency": "USD", "operatingCashflow": "118548000000", "paymentsForOperatingActivities": "None", "proceedsFromOperatingActivities": "None", "changeInOperatingLiabilities": "None", "changeInOperatingAssets": "None", "depreciationDepletionAndAmortization": "22287000000", "capitalExpenditures": "44477000000", "changeInReceivables": "None", "changeInInventory": "1284000000", "profitLoss": "None", "cashflowFromInvestment": "-96970000000", "cashflowFromFinancing": "-37757000000", "proceedsFromRepaymentsOfShortTermDebt": "None", "paymentsForRepurchaseOfCommonStock": "None", "paymentsForRepurchaseOfEquity": "None", "paymentsForRepurchaseOfPreferredStock": "None", "dividendPayout": "21771000000", "dividendPayoutCommonStock": "21771000000", "dividendPayoutPreferredStock": "None", "proceedsFromIssuanceOfCommonStock": "None", "proceedsFromIssuanceOfLongTermDebtAndCapitalSecuritiesNet": "None", "proceedsFromIssuanceOfPreferredStock": "None", "proceedsFromRepurchaseOfEquity": "-17254000000", "proceedsFromSaleOfTreasuryStock": "None", "changeInCashAndCashEquivalents": "None", "changeInExchangeRate": "None", "netIncome": "88136000000"}, {"fiscalDateEnding": "2023-06-30", "reportedCurrency": "USD", "operatingCashflow": "87582000000", "paymentsForOperatingActivities": "None", "proceedsFromOperatingActivities": "None", "changeInOperatingLiabilities": "None", "changeInOperatingAssets": "None", "depreciationDepletionAndAmortization": "13861000000", "capitalExpenditures": "28107000000", "changeInReceivables": "None", "changeInInventory": "1242000000", "profitLoss": "None", "cashflowFromInvestment": "-22680000000", "cashflowFromFinancing": "-43935000000", "proceedsFromRepaymentsOfShortTermDebt": "None", "paymentsForRepurchaseOfCommonStock": "None", "paymentsForRepurchaseOfEquity": "None", "paymentsForRepurchaseOfPreferredStock": "None", "dividendPayout": "19800000000", "dividendPayoutCommonStock": "19800000000", "dividendPayoutPreferredStock": "None", "proceedsFromIssuanceOfCommonStock": "None", "proceedsFromIssuanceOfLongTermDebtAndCapitalSecuritiesNet": "None", "proceedsFromIssuanceOfPreferredStock": "None", "proceedsFromRepurchaseOfEquity": "-22245000000", "proceedsFromSaleOfTreasuryStock": "None", "changeInCashAndCashEquivalents": "None", "changeInExchangeRate": "None", "netIncome": "72361000000"}, {"fiscalDateEnding": "2022-06-30", "reportedCurrency": "USD", "operatingCashflow": "89035000000", "paymentsForOperatingActivities": "None", "proceedsFromOperatingActivities": "None", "changeInOperatingLiabilities": "None", "changeInOperatingAssets": "None", "depreciationDepletionAndAmortization": "14460000000", "capitalExpenditures": "23886000000", "changeInReceivables": "-6834000000", "changeInInventory": "-1123000000", "profitLoss": "None", "cashflowFromInvestment": "-30311000000", "cashflowFromFinancing": "-58876000000", "proceedsFromRepaymentsOfShortTermDebt": "None", "paymentsForRepurchaseOfCommonStock": "None", "paymentsForRepurchaseOfEquity": "None", "paymentsForRepurchaseOfPreferredStock": "None", "dividendPayout": "18135000000", "dividendPayoutCommonStock": "18135000000", "dividendPayoutPreferredStock": "None", "proceedsFromIssuanceOfCommonStock": "None", "proceedsFromIssuanceOfLongTermDebtAndCapitalSecuritiesNet": "None", "proceedsFromIssuanceOfPreferredStock": "None", "proceedsFromRepurchaseOfEquity": "-32696000000", "proceedsFromSaleOfTreasuryStock": "None", "changeInCashAndCashEquivalents": "-152000000", "changeInExchangeRate": "None", "netIncome": "72738000000"}, {"fiscalDateEnding": "2021-06-30", "reportedCurrency": "USD", "operatingCashflow": "76740000000", "paymentsForOperatingActivities": "None", "proceedsFromOperatingActivities": "None", "changeInOperatingLiabilities": "None", "changeInOperatingAssets": "None", "depreciationDepletionAndAmortization": "11686000000", "capitalExpenditures": "20622000000", "changeInReceivables": "-6481000000", "changeInInventory": "-737000000", "profitLoss": "None", "cashflowFromInvestment": "-27577000000", "cashflowFromFinancing": "-48486000000", "proceedsFromRepaymentsOfShortTermDebt": "None", "paymentsForRepurchaseOfCommonStock": "None", "paymentsForRepurchaseOfEquity": "None", "paymentsForRepurchaseOfPreferredStock": "None", "dividendPayout": "16521000000", "dividendPayoutCommonStock": "16521000000", "dividendPayoutPreferredStock": "None", "proceedsFromIssuanceOfCommonStock": "None", "proceedsFromIssuanceOfLongTermDebtAndCapitalSecuritiesNet": "None", "proceedsFromIssuanceOfPreferredStock": "None", "proceedsFromRepurchaseOfEquity": "-27385000000", "proceedsFromSaleOfTreasuryStock": "None", "changeInCashAndCashEquivalents": "648000000", "changeInExchangeRate": "-29000000", "netIncome": "61271000000"}, {"fiscalDateEnding": "2020-06-30", "reportedCurrency": "USD", "operatingCashflow": "60675000000", "paymentsForOperatingActivities": "None", "proceedsFromOperatingActivities": "None", "changeInOperatingLiabilities": "None", "changeInOperatingAssets": "None", "depreciationDepletionAndAmortization": "12796000000", "capitalExpenditures": "15441000000", "changeInReceivables": "-2577000000", "changeInInventory": "168000000", "profitLoss": "None", "cashflowFromInvestment": "-12223000000", "cashflowFromFinancing": "-46031000000", "proceedsFromRepaymentsOfShortTermDebt": "None", "paymentsForRepurchaseOfCommonStock": "None", "paymentsForRepurchaseOfEquity": "None", "paymentsForRepurchaseOfPreferredStock": "None", "dividendPayout": "15137000000", "dividendPayoutCommonStock": "15137000000", "dividendPayoutPreferredStock": "None", "proceedsFromIssuanceOfCommonStock": "None", "proceedsFromIssuanceOfLongTermDebtAndCapitalSecuritiesNet": "None", "proceedsFromIssuanceOfPreferredStock": "None", "proceedsFromRepurchaseOfEquity": "-22968000000", "proceedsFromSaleOfTreasuryStock": "None", "changeInCashAndCashEquivalents": "2220000000", "changeInExchangeRate": "-201000000", "netIncome": "44281000000"}, {"fiscalDateEnding": "2019-06-30", "reportedCurrency": "USD", "operatingCashflow": "52185000000", "paymentsForOperatingActivities": "None", "proceedsFromOperatingActivities": "None", "changeInOperatingLiabilities": "None", "changeInOperatingAssets": "None", "depreciationDepletionAndAmortization": "11682000000", "capitalExpenditures": "13925000000", "changeInReceivables": "-2812000000", "changeInInventory": "597000000", "profitLoss": "None", "cashflowFromInvestment": "-15773000000", "cashflowFromFinancing": "-36887000000", "proceedsFromRepaymentsOfShortTermDebt": "None", "paymentsForRepurchaseOfCommonStock": "None", "paymentsForRepurchaseOfEquity": "None", "paymentsForRepurchaseOfPreferredStock": "None", "dividendPayout": "13811000000", "dividendPayoutCommonStock": "13811000000", "dividendPayoutPreferredStock": "None", "proceedsFromIssuanceOfCommonStock": "None", "proceedsFromIssuanceOfLongTermDebtAndCapitalSecuritiesNet": "None", "proceedsFromIssuanceOfPreferredStock": "None", "proceedsFromRepurchaseOfEquity": "-19543000000", "proceedsFromSaleOfTreasuryStock": "None", "changeInCashAndCashEquivalents": "-590000000", "changeInExchangeRate": "-115000000", "netIncome": "39240000000"}, {"fiscalDateEnding": "2018-06-30", "reportedCurrency": "USD", "operatingCashflow": "43884000000", "paymentsForOperatingActivities": "None", "proceedsFromOperatingActivities": "None", "changeInOperatingLiabilities": "None", "changeInOperatingAssets": "None", "depreciationDepletionAndAmortization": "10261000000", "capitalExpenditures": "11632000000", "changeInReceivables": "-3862000000", "changeInInventory": "-465000000", "profitLoss": "None", "cashflowFromInvestment": "-6061000000", "cashflowFromFinancing": "-33590000000", "proceedsFromRepaymentsOfShortTermDebt": "None", "paymentsForRepurchaseOfCommonStock": "None", "paymentsForRepurchaseOfEquity": "None", "paymentsForRepurchaseOfPreferredStock": "None", "dividendPayout": "12699000000", "dividendPayoutCommonStock": "12699000000", "dividendPayoutPreferredStock": "None", "proceedsFromIssuanceOfCommonStock": "None", "proceedsFromIssuanceOfLongTermDebtAndCapitalSecuritiesNet": "None", "proceedsFromIssuanceOfPreferredStock": "None", "proceedsFromRepurchaseOfEquity": "-10721000000", "proceedsFromSaleOfTreasuryStock": "None", "changeInCashAndCashEquivalents": "4283000000", "changeInExchangeRate": "50000000", "netIncome": "16571000000"}, {"fiscalDateEnding": "2017-06-30", "reportedCurrency": "USD", "operatingCashflow": "39507000000", "paymentsForOperatingActivities": "None", "proceedsFromOperatingActivities": "None", "changeInOperatingLiabilities": "None", "changeInOperatingAssets": "None", "depreciationDepletionAndAmortization": "8778000000", "capitalExpenditures": "8129000000", "changeInReceivables": "-925000000", "changeInInventory": "50000000", "profitLoss": "None", "cashflowFromInvestment": "-46781000000", "cashflowFromFinancing": "8408000000", "proceedsFromRepaymentsOfShortTermDebt": "None", "paymentsForRepurchaseOfCommonStock": "None", "paymentsForRepurchaseOfEquity": "None", "paymentsForRepurchaseOfPreferredStock": "None", "dividendPayout": "11845000000", "dividendPayoutCommonStock": "11845000000", "dividendPayoutPreferredStock": "None", "proceedsFromIssuanceOfCommonStock": "None", "proceedsFromIssuanceOfLongTermDebtAndCapitalSecuritiesNet": "None", "proceedsFromIssuanceOfPreferredStock": "None", "proceedsFromRepurchaseOfEquity": "-11788000000", "proceedsFromSaleOfTreasuryStock": "None", "changeInCashAndCashEquivalents": "1153000000", "changeInExchangeRate": "19000000", "netIncome": "25489000000"}, {"fiscalDateEnding": "2016-06-30", "reportedCurrency": "USD", "operatingCashflow": "33325000000", "paymentsForOperatingActivities": "None", "proceedsFromOperatingActivities": "None", "changeInOperatingLiabilities": "None", "changeInOperatingAssets": "None", "depreciationDepletionAndAmortization": "6622000000", "capitalExpenditures": "8343000000", "changeInReceivables": "-530000000", "changeInInventory": "600000000", "profitLoss": "None", "cashflowFromInvestment": "-23950000000", "cashflowFromFinancing": "-8393000000", "proceedsFromRepaymentsOfShortTermDebt": "None", "paymentsForRepurchaseOfCommonStock": "None", "paymentsForRepurchaseOfEquity": "None", "paymentsForRepurchaseOfPreferredStock": "None", "dividendPayout": "11006000000", "dividendPayoutCommonStock": "11006000000", "dividendPayoutPreferredStock": "None", "proceedsFromIssuanceOfCommonStock": "None", "proceedsFromIssuanceOfLongTermDebtAndCapitalSecuritiesNet": "None", "proceedsFromIssuanceOfPreferredStock": "None", "proceedsFromRepurchaseOfEquity": "-15969000000", "proceedsFromSaleOfTreasuryStock": "None", "changeInCashAndCashEquivalents": "915000000", "changeInExchangeRate": "-67000000", "netIncome": "20539000000"}, {"fiscalDateEnding": "2015-06-30", "reportedCurrency": "USD", "operatingCashflow": "29668000000", "paymentsForOperatingActivities": "None", "proceedsFromOperatingActivities": "None", "changeInOperatingLiabilities": "None", "changeInOperatingAssets": "None", "depreciationDepletionAndAmortization": "5957000000", "capitalExpenditures": "5944000000", "changeInReceivables": "1456000000", "changeInInventory": "-272000000", "profitLoss": "None", "cashflowFromInvestment": "-23001000000", "cashflowFromFinancing": "-9668000000", "proceedsFromRepaymentsOfShortTermDebt": "None", "paymentsForRepurchaseOfCommonStock": "None", "paymentsForRepurchaseOfEquity": "None", "paymentsForRepurchaseOfPreferredStock": "None", "dividendPayout": "9882000000", "dividendPayoutCommonStock": "9882000000", "dividendPayoutPreferredStock": "None", "proceedsFromIssuanceOfCommonStock": "None", "proceedsFromIssuanceOfLongTermDebtAndCapitalSecuritiesNet": "None", "proceedsFromIssuanceOfPreferredStock": "None", "proceedsFromRepurchaseOfEquity": "-14443000000", "proceedsFromSaleOfTreasuryStock": "None", "changeInCashAndCashEquivalents": "-3074000000", "changeInExchangeRate": "-73000000", "netIncome": "12193000000"}, {"fiscalDateEnding": "2014-06-30", "reportedCurrency": "USD", "operatingCashflow": "32502000000", "paymentsForOperatingActivities": "None", "proceedsFromOperatingActivities": "None", "changeInOperatingLiabilities": "None", "changeInOperatingAssets": "None", "depreciationDepletionAndAmortization": "5212000000", "capitalExpenditures": "5485000000", "changeInReceivables": "-1120000000", "changeInInventory": "-161000000", "profitLoss": "None", "cashflowFromInvestment": "-18833000000", "cashflowFromFinancing": "-8665000000", "proceedsFromRepaymentsOfShortTermDebt": "None", "paymentsForRepurchaseOfCommonStock": "None", "paymentsForRepurchaseOfEquity": "None", "paymentsForRepurchaseOfPreferredStock": "None", "dividendPayout": "8879000000", "dividendPayoutCommonStock": "8879000000", "dividendPayoutPreferredStock": "None", "proceedsFromIssuanceOfCommonStock": "None", "proceedsFromIssuanceOfLongTermDebtAndCapitalSecuritiesNet": "None", "proceedsFromIssuanceOfPreferredStock": "None", "proceedsFromRepurchaseOfEquity": "-7316000000", "proceedsFromSaleOfTreasuryStock": "None", "changeInCashAndCashEquivalents": "4865000000", "changeInExchangeRate": "-139000000", "netIncome": "22074000000"}, {"fiscalDateEnding": "2013-06-30", "reportedCurrency": "USD", "operatingCashflow": "28833000000", "paymentsForOperatingActivities": "None", "proceedsFromOperatingActivities": "None", "changeInOperatingLiabilities": "None", "changeInOperatingAssets": "None", "depreciationDepletionAndAmortization": "3755000000", "capitalExpenditures": "4257000000", "changeInReceivables": "-1807000000", "changeInInventory": "-802000000", "profitLoss": "None", "cashflowFromInvestment": "-23811000000", "cashflowFromFinancing": "-8148000000", "proceedsFromRepaymentsOfShortTermDebt": "None", "paymentsForRepurchaseOfCommonStock": "None", "paymentsForRepurchaseOfEquity": "None", "paymentsForRepurchaseOfPreferredStock": "None", "dividendPayout": "7455000000", "dividendPayoutCommonStock": "7455000000", "dividendPayoutPreferredStock": "None", "proceedsFromIssuanceOfCommonStock": "None", "proceedsFromIssuanceOfLongTermDebtAndCapitalSecuritiesNet": "None", "proceedsFromIssuanceOfPreferredStock": "None", "proceedsFromRepurchaseOfEquity": "-5360000000", "proceedsFromSaleOfTreasuryStock": "None", "changeInCashAndCashEquivalents": "-3134000000", "changeInExchangeRate": "-8000000", "netIncome": "21863000000"}, {"fiscalDateEnding": "2012-06-30", "reportedCurrency": "USD", "operatingCashflow": "31626000000", "paymentsForOperatingActivities": "None", "proceedsFromOperatingActivities": "None", "changeInOperatingLiabilities": "None", "changeInOperatingAssets": "None", "depreciationDepletionAndAmortization": "2967000000", "capitalExpenditures": "2305000000", "changeInReceivables": "-1156000000", "changeInInventory": "184000000", "profitLoss": "None", "cashflowFromInvestment": "-24786000000", "cashflowFromFinancing": "-9408000000", "proceedsFromRepaymentsOfShortTermDebt": "None", "paymentsForRepurchaseOfCommonStock": "None", "paymentsForRepurchaseOfEquity": "None", "paymentsForRepurchaseOfPreferredStock": "None", "dividendPayout": "6385000000", "dividendPayoutCommonStock": "6385000000", "dividendPayoutPreferredStock": "None", "proceedsFromIssuanceOfCommonStock": "None", "proceedsFromIssuanceOfLongTermDebtAndCapitalSecuritiesNet": "None", "proceedsFromIssuanceOfPreferredStock": "None", "proceedsFromRepurchaseOfEquity": "-5029000000", "proceedsFromSaleOfTreasuryStock": "None", "changeInCashAndCashEquivalents": "-2672000000", "changeInExchangeRate": "-104000000", "netIncome": "16978000000"}, {"fiscalDateEnding": "2011-06-30", "reportedCurrency": "USD", "operatingCashflow": "26994000000", "paymentsForOperatingActivities": "None", "proceedsFromOperatingActivities": "None", "changeInOperatingLiabilities": "None", "changeInOperatingAssets": "None", "depreciationDepletionAndAmortization": "2766000000", "capitalExpenditures": "2355000000", "changeInReceivables": "-1451000000", "changeInInventory": "-561000000", "profitLoss": "None", "cashflowFromInvestment": "-14616000000", "cashflowFromFinancing": "-8376000000", "proceedsFromRepaymentsOfShortTermDebt": "None", "paymentsForRepurchaseOfCommonStock": "None", "paymentsForRepurchaseOfEquity": "None", "paymentsForRepurchaseOfPreferredStock": "None", "dividendPayout": "5180000000", "dividendPayoutCommonStock": "5180000000", "dividendPayoutPreferredStock": "None", "proceedsFromIssuanceOfCommonStock": "None", "proceedsFromIssuanceOfLongTermDebtAndCapitalSecuritiesNet": "None", "proceedsFromIssuanceOfPreferredStock": "None", "proceedsFromRepurchaseOfEquity": "-11555000000", "proceedsFromSaleOfTreasuryStock": "None", "changeInCashAndCashEquivalents": "4105000000", "changeInExchangeRate": "103000000", "netIncome": "23150000000"}, {"fiscalDateEnding": "2010-06-30", "reportedCurrency": "USD", "operatingCashflow": "24073000000", "paymentsForOperatingActivities": "None", "proceedsFromOperatingActivities": "None", "changeInOperatingLiabilities": "None", "changeInOperatingAssets": "None", "depreciationDepletionAndAmortization": "2673000000", "capitalExpenditures": "1977000000", "changeInReceivables": "-2238000000", "changeInInventory": "0", "profitLoss": "None", "cashflowFromInvestment": "-11314000000", "cashflowFromFinancing": "-13291000000", "proceedsFromRepaymentsOfShortTermDebt": "None", "paymentsForRepurchaseOfCommonStock": "None", "paymentsForRepurchaseOfEquity": "None", "paymentsForRepurchaseOfPreferredStock": "None", "dividendPayout": "4578000000", "dividendPayoutCommonStock": "4578000000", "dividendPayoutPreferredStock": "None", "proceedsFromIssuanceOfCommonStock": "None", "proceedsFromIssuanceOfLongTermDebtAndCapitalSecuritiesNet": "None", "proceedsFromIssuanceOfPreferredStock": "None", "proceedsFromRepurchaseOfEquity": "-11269000000", "proceedsFromSaleOfTreasuryStock": "None", "changeInCashAndCashEquivalents": "-571000000", "changeInExchangeRate": "-39000000", "netIncome": "18760000000"}, {"fiscalDateEnding": "2009-06-30", "reportedCurrency": "USD", "operatingCashflow": "19037000000", "paymentsForOperatingActivities": "None", "proceedsFromOperatingActivities": "None", "changeInOperatingLiabilities": "None", "changeInOperatingAssets": "None", "depreciationDepletionAndAmortization": "2562000000", "capitalExpenditures": "3119000000", "changeInReceivables": "None", "changeInInventory": "None", "profitLoss": "None", "cashflowFromInvestment": "-15770000000", "cashflowFromFinancing": "-7463000000", "proceedsFromRepaymentsOfShortTermDebt": "None", "paymentsForRepurchaseOfCommonStock": "None", "paymentsForRepurchaseOfEquity": "None", "paymentsForRepurchaseOfPreferredStock": "None", "dividendPayout": "4468000000", "dividendPayoutCommonStock": "4468000000", "dividendPayoutPreferredStock": "None", "proceedsFromIssuanceOfCommonStock": "None", "proceedsFromIssuanceOfLongTermDebtAndCapitalSecuritiesNet": "None", "proceedsFromIssuanceOfPreferredStock": "None", "proceedsFromRepurchaseOfEquity": "-9353000000", "proceedsFromSaleOfTreasuryStock": "None", "changeInCashAndCashEquivalents": "None", "changeInExchangeRate": "None", "netIncome": "14569000000"}, {"fiscalDateEnding": "2008-06-30", "reportedCurrency": "USD", "operatingCashflow": "21612000000", "paymentsForOperatingActivities": "None", "proceedsFromOperatingActivities": "None", "changeInOperatingLiabilities": "None", "changeInOperatingAssets": "None", "depreciationDepletionAndAmortization": "2056000000", "capitalExpenditures": "3182000000", "changeInReceivables": "None", "changeInInventory": "None", "profitLoss": "None", "cashflowFromInvestment": "-4587000000", "cashflowFromFinancing": "-12934000000", "proceedsFromRepaymentsOfShortTermDebt": "None", "paymentsForRepurchaseOfCommonStock": "None", "paymentsForRepurchaseOfEquity": "None", "paymentsForRepurchaseOfPreferredStock": "None", "dividendPayout": "4015000000", "dividendPayoutCommonStock": "4015000000", "dividendPayoutPreferredStock": "None", "proceedsFromIssuanceOfCommonStock": "None", "proceedsFromIssuanceOfLongTermDebtAndCapitalSecuritiesNet": "None", "proceedsFromIssuanceOfPreferredStock": "None", "proceedsFromRepurchaseOfEquity": "-12533000000", "proceedsFromSaleOfTreasuryStock": "None", "changeInCashAndCashEquivalents": "None", "changeInExchangeRate": "None", "netIncome": "17681000000"}, {"fiscalDateEnding": "2007-06-30", "reportedCurrency": "USD", "operatingCashflow": "17796000000", "paymentsForOperatingActivities": "None", "proceedsFromOperatingActivities": "None", "changeInOperatingLiabilities": "None", "changeInOperatingAssets": "None", "depreciationDepletionAndAmortization": "1440000000", "capitalExpenditures": "2264000000", "changeInReceivables": "None", "changeInInventory": "None", "profitLoss": "None", "cashflowFromInvestment": "6089000000", "cashflowFromFinancing": "-24544000000", "proceedsFromRepaymentsOfShortTermDebt": "None", "paymentsForRepurchaseOfCommonStock": "None", "paymentsForRepurchaseOfEquity": "None", "paymentsForRepurchaseOfPreferredStock": "None", "dividendPayout": "3805000000", "dividendPayoutCommonStock": "3805000000", "dividendPayoutPreferredStock": "None", "proceedsFromIssuanceOfCommonStock": "None", "proceedsFromIssuanceOfLongTermDebtAndCapitalSecuritiesNet": "None", "proceedsFromIssuanceOfPreferredStock": "None", "proceedsFromRepurchaseOfEquity": "-27575000000", "proceedsFromSaleOfTreasuryStock": "None", "changeInCashAndCashEquivalents": "None", "changeInExchangeRate": "None", "netIncome": "14065000000"}, {"fiscalDateEnding": "2006-06-30", "reportedCurrency": "USD", "operatingCashflow": "14404000000", "paymentsForOperatingActivities": "None", "proceedsFromOperatingActivities": "None", "changeInOperatingLiabilities": "None", "changeInOperatingAssets": "None", "depreciationDepletionAndAmortization": "903000000", "capitalExpenditures": "1578000000", "changeInReceivables": "None", "changeInInventory": "None", "profitLoss": "None", "cashflowFromInvestment": "8003000000", "cashflowFromFinancing": "-20562000000", "proceedsFromRepaymentsOfShortTermDebt": "None", "paymentsForRepurchaseOfCommonStock": "None", "paymentsForRepurchaseOfEquity": "None", "paymentsForRepurchaseOfPreferredStock": "None", "dividendPayout": "3545000000", "dividendPayoutCommonStock": "3545000000", "dividendPayoutPreferredStock": "None", "proceedsFromIssuanceOfCommonStock": "None", "proceedsFromIssuanceOfLongTermDebtAndCapitalSecuritiesNet": "None", "proceedsFromIssuanceOfPreferredStock": "None", "proceedsFromRepurchaseOfEquity": "-19207000000", "proceedsFromSaleOfTreasuryStock": "None", "changeInCashAndCashEquivalents": "None", "changeInExchangeRate": "None", "netIncome": "12599000000"}, {"fiscalDateEnding": "2005-06-30", "reportedCurrency": "USD", "operatingCashflow": "16605000000", "paymentsForOperatingActivities": "None", "proceedsFromOperatingActivities": "None", "changeInOperatingLiabilities": "None", "changeInOperatingAssets": "None", "depreciationDepletionAndAmortization": "855000000", "capitalExpenditures": "812000000", "changeInReceivables": "None", "changeInInventory": "None", "profitLoss": "None", "cashflowFromInvestment": "15027000000", "cashflowFromFinancing": "-41078000000", "proceedsFromRepaymentsOfShortTermDebt": "None", "paymentsForRepurchaseOfCommonStock": "None", "paymentsForRepurchaseOfEquity": "None", "paymentsForRepurchaseOfPreferredStock": "None", "dividendPayout": "36112000000", "dividendPayoutCommonStock": "36112000000", "dividendPayoutPreferredStock": "None", "proceedsFromIssuanceOfCommonStock": "None", "proceedsFromIssuanceOfLongTermDebtAndCapitalSecuritiesNet": "None", "proceedsFromIssuanceOfPreferredStock": "None", "proceedsFromRepurchaseOfEquity": "-8057000000", "proceedsFromSaleOfTreasuryStock": "None", "changeInCashAndCashEquivalents": "None", "changeInExchangeRate": "None", "netIncome": "12254000000"}], "balance_sheet": [{"fiscalDateEnding": "2024-06-30", "reportedCurrency": "USD", "totalAssets": "512163000000", "totalCurrentAssets": "159734000000", "cashAndCashEquivalentsAtCarryingValue": "18315000000", "cashAndShortTermInvestments": "18315000000", "inventory": "1246000000", "currentNetReceivables": "56924000000", "totalNonCurrentAssets": "352429000000", "propertyPlantEquipment": "None", "accumulatedDepreciationAmortizationPPE": "None", "intangibleAssets": "27597000000", "intangibleAssetsExcludingGoodwill": "27597000000", "goodwill": "119220000000", "investments": "None", "longTermInvestments": "14600000000", "shortTermInvestments": "57216000000", "otherCurrentAssets": "26033000000", "otherNonCurrentAssets": "None", "totalLiabilities": "243686000000", "totalCurrentLiabilities": "125286000000", "currentAccountsPayable": "21996000000", "deferredRevenue": "None", "currentDebt": "None", "shortTermDebt": "8942000000", "totalNonCurrentLiabilities": "118400000000", "capitalLeaseObligations": "15497000000", "longTermDebt": "42688000000", "currentLongTermDebt": "8942000000", "longTermDebtNoncurrent": "None", "shortLongTermDebtTotal": "67127000000", "otherCurrentLiabilities": "31749000000", "otherNonCurrentLiabilities": "27064000000", "totalShareholderEquity": "268477000000", "treasuryStock": "None", "retainedEarnings": "173144000000", "commonStock": "100923000000", "commonStockSharesOutstanding": "7469000000"}, {"fiscalDateEnding": "2023-06-30", "reportedCurrency": "USD", "totalAssets": "411976000000", "totalCurrentAssets": "184257000000", "cashAndCashEquivalentsAtCarryingValue": "34704000000", "cashAndShortTermInvestments": "34704000000", "inventory": "2500000000", "currentNetReceivables": "48688000000", "totalNonCurrentAssets": "227719000000", "propertyPlantEquipment": "109987000000", "accumulatedDepreciationAmortizationPPE": "None", "intangibleAssets": "9366000000", "intangibleAssetsExcludingGoodwill": "9366000000", "goodwill": "67886000000", "investments": "None", "longTermInvestments": "9879000000", "shortTermInvestments": "76558000000", "otherCurrentAssets": "21807000000", "otherNonCurrentAssets": "None", "totalLiabilities": "205753000000", "totalCurrentLiabilities": "104149000000", "currentAccountsPayable": "18095000000", "deferredRevenue": "None", "currentDebt": "None", "shortTermDebt": "5247000000", "totalNonCurrentLiabilities": "101604000000", "capitalLeaseObligations": "12728000000", "longTermDebt": "41990000000", "currentLongTermDebt": "5247000000", "longTermDebtNoncurrent": "None", "shortLongTermDebtTotal": "59965000000", "otherCurrentLiabilities": "29906000000", "otherNonCurrentLiabilities": "17981000000", "totalShareholderEquity": "206223000000", "treasuryStock": "None", "retainedEarnings": "118848000000", "commonStock": "93718000000", "commonStockSharesOutstanding": "7472000000"}, {"fiscalDateEnding": "2022-06-30", "reportedCurrency": "USD", "totalAssets": "364840000000", "totalCurrentAssets": "169684000000", "cashAndCashEquivalentsAtCarryingValue": "13931000000", "cashAndShortTermInvestments": "13931000000", "inventory": "3742000000", "currentNetReceivables": "44261000000", "totalNonCurrentAssets": "195156000000", "propertyPlantEquipment": "87546000000", "accumulatedDepreciationAmortizationPPE": "None", "intangibleAssets": "11298000000", "intangibleAssetsExcludingGoodwill": "11298000000", "goodwill": "67524000000", "investments": "None", "longTermInvestments": "6891000000", "shortTermInvestments": "90826000000", "otherCurrentAssets": "16924000000", "otherNonCurrentAssets": "None", "totalLiabilities": "198298000000", "totalCurrentLiabilities": "95082000000", "currentAccountsPayable": "19000000000", "deferredRevenue": "None", "currentDebt": "None", "shortTermDebt": "2749000000", "totalNonCurrentLiabilities": "103216000000", "capitalLeaseObligations": "11489000000", "longTermDebt": "47032000000", "currentLongTermDebt": "2749000000", "longTermDebtNoncurrent": "None", "shortLongTermDebtTotal": "61270000000", "otherCurrentLiabilities": "27795000000", "otherNonCurrentLiabilities": "15526000000", "totalShareholderEquity": "166542000000", "treasuryStock": "None", "retainedEarnings": "84281000000", "commonStock": "86939000000", "commonStockSharesOutstanding": "7540000000"}, {"fiscalDateEnding": "2021-06-30", "reportedCurrency": "USD", "totalAssets": "333779000000", "totalCurrentAssets": "184406000000", "cashAndCashEquivalentsAtCarryingValue": "14224000000", "cashAndShortTermInvestments": "14224000000", "inventory": "2636000000", "currentNetReceivables": "38043000000", "totalNonCurrentAssets": "149373000000", "propertyPlantEquipment": "70803000000", "accumulatedDepreciationAmortizationPPE": "None", "intangibleAssets": "7800000000", "intangibleAssetsExcludingGoodwill": "7800000000", "goodwill": "49711000000", "investments": "None", "longTermInvestments": "5984000000", "shortTermInvestments": "116110000000", "otherCurrentAssets": "13393000000", "otherNonCurrentAssets": "None", "totalLiabilities": "191791000000", "totalCurrentLiabilities": "88657000000", "currentAccountsPayable": "15163000000", "deferredRevenue": "None", "currentDebt": "None", "shortTermDebt": "8072000000", "totalNonCurrentLiabilities": "103134000000", "capitalLeaseObligations": "9629000000", "longTermDebt": "50074000000", "currentLongTermDebt": "8072000000", "longTermDebtNoncurrent": "None", "shortLongTermDebtTotal": "67775000000", "otherCurrentLiabilities": "23897000000", "otherNonCurrentLiabilities": "13427000000", "totalShareholderEquity": "141988000000", "treasuryStock": "None", "retainedEarnings": "57055000000", "commonStock": "83111000000", "commonStockSharesOutstanding": "7608000000"}, {"fiscalDateEnding": "2020-06-30", "reportedCurrency": "USD", "totalAssets": "301311000000", "totalCurrentAssets": "181915000000", "cashAndCashEquivalentsAtCarryingValue": "13576000000", "cashAndShortTermInvestments": "13576000000", "inventory": "1895000000", "currentNetReceivables": "32011000000", "totalNonCurrentAssets": "119396000000", "propertyPlantEquipment": "44151000000", "accumulatedDepreciationAmortizationPPE": "None", "intangibleAssets": "7038000000", "intangibleAssetsExcludingGoodwill": "7038000000", "goodwill": "43351000000", "investments": "None", "longTermInvestments": "2965000000", "shortTermInvestments": "122951000000", "otherCurrentAssets": "11482000000", "otherNonCurrentAssets": "None", "totalLiabilities": "183007000000", "totalCurrentLiabilities": "72310000000", "currentAccountsPayable": "12530000000", "deferredRevenue": "None", "currentDebt": "None", "shortTermDebt": "3749000000", "totalNonCurrentLiabilities": "110697000000", "capitalLeaseObligations": "7671000000", "longTermDebt": "59578000000", "currentLongTermDebt": "3749000000", "longTermDebtNoncurrent": "None", "shortLongTermDebtTotal": "70998000000", "otherCurrentLiabilities": "20031000000", "otherNonCurrentLiabilities": "50915000000", "totalShareholderEquity": "118304000000", "treasuryStock": "None", "retainedEarnings": "34566000000", "commonStock": "80552000000", "commonStockSharesOutstanding": "7683000000"}, {"fiscalDateEnding": "2019-06-30", "reportedCurrency": "USD", "totalAssets": "286556000000", "totalCurrentAssets": "175552000000", "cashAndCashEquivalentsAtCarryingValue": "11356000000", "cashAndShortTermInvestments": "11356000000", "inventory": "2063000000", "currentNetReceivables": "29524000000", "totalNonCurrentAssets": "111004000000", "propertyPlantEquipment": "36477000000", "accumulatedDepreciationAmortizationPPE": "None", "intangibleAssets": "7750000000", "intangibleAssetsExcludingGoodwill": "7750000000", "goodwill": "42026000000", "investments": "None", "longTermInvestments": "2649000000", "shortTermInvestments": "122463000000", "otherCurrentAssets": "10146000000", "otherNonCurrentAssets": "None", "totalLiabilities": "184226000000", "totalCurrentLiabilities": "69420000000", "currentAccountsPayable": "9382000000", "deferredRevenue": "None", "currentDebt": "None", "shortTermDebt": "5516000000", "totalNonCurrentLiabilities": "114806000000", "capitalLeaseObligations": "6188000000", "longTermDebt": "66662000000", "currentLongTermDebt": "5516000000", "longTermDebtNoncurrent": "None", "shortLongTermDebtTotal": "78366000000", "otherCurrentLiabilities": "21846000000", "otherNonCurrentLiabilities": "47911000000", "totalShareholderEquity": "102330000000", "treasuryStock": "None", "retainedEarnings": "24150000000", "commonStock": "78520000000", "commonStockSharesOutstanding": "7753000000"}, {"fiscalDateEnding": "2018-06-30", "reportedCurrency": "USD", "totalAssets": "258848000000", "totalCurrentAssets": "169662000000", "cashAndCashEquivalentsAtCarryingValue": "11946000000", "cashAndShortTermInvestments": "11946000000", "inventory": "2662000000", "currentNetReceivables": "26481000000", "totalNonCurrentAssets": "89186000000", "propertyPlantEquipment": "29460000000", "accumulatedDepreciationAmortizationPPE": "None", "intangibleAssets": "8053000000", "intangibleAssetsExcludingGoodwill": "8053000000", "goodwill": "35683000000", "investments": "None", "longTermInvestments": "1862000000", "shortTermInvestments": "121822000000", "otherCurrentAssets": "6751000000", "otherNonCurrentAssets": "None", "totalLiabilities": "176130000000", "totalCurrentLiabilities": "58488000000", "currentAccountsPayable": "8617000000", "deferredRevenue": "None", "currentDebt": "None", "shortTermDebt": "3998000000", "totalNonCurrentLiabilities": "117642000000", "capitalLeaseObligations": "5568000000", "longTermDebt": "72242000000", "currentLongTermDebt": "3998000000", "longTermDebtNoncurrent": "None", "shortLongTermDebtTotal": "81808000000", "otherCurrentLiabilities": "16968000000", "otherNonCurrentLiabilities": "44859000000", "totalShareholderEquity": "82718000000", "treasuryStock": "0", "retainedEarnings": "13682000000", "commonStock": "71223000000", "commonStockSharesOutstanding": "7794000000"}, {"fiscalDateEnding": "2017-06-30", "reportedCurrency": "USD", "totalAssets": "241086000000", "totalCurrentAssets": "159851000000", "cashAndCashEquivalentsAtCarryingValue": "7663000000", "cashAndShortTermInvestments": "7663000000", "inventory": "2181000000", "currentNetReceivables": "19792000000", "totalNonCurrentAssets": "81235000000", "propertyPlantEquipment": "23734000000", "accumulatedDepreciationAmortizationPPE": "None", "intangibleAssets": "10106000000", "intangibleAssetsExcludingGoodwill": "10106000000", "goodwill": "35122000000", "investments": "None", "longTermInvestments": "6023000000", "shortTermInvestments": "125318000000", "otherCurrentAssets": "4897000000", "otherNonCurrentAssets": "None", "totalLiabilities": "168692000000", "totalCurrentLiabilities": "64527000000", "currentAccountsPayable": "7390000000", "deferredRevenue": "None", "currentDebt": "None", "shortTermDebt": "10121000000", "totalNonCurrentLiabilities": "104165000000", "capitalLeaseObligations": "None", "longTermDebt": "76073000000", "currentLongTermDebt": "10121000000", "longTermDebtNoncurrent": "None", "shortLongTermDebtTotal": "86194000000", "otherCurrentLiabilities": "12914000000", "otherNonCurrentLiabilities": "17184000000", "totalShareholderEquity": "72394000000", "treasuryStock": "0", "retainedEarnings": "2648000000", "commonStock": "69315000000", "commonStockSharesOutstanding": "7832000000"}, {"fiscalDateEnding": "2016-06-30", "reportedCurrency": "USD", "totalAssets": "193694000000", "totalCurrentAssets": "139660000000", "cashAndCashEquivalentsAtCarryingValue": "6510000000", "cashAndShortTermInvestments": "6510000000", "inventory": "2251000000", "currentNetReceivables": "18277000000", "totalNonCurrentAssets": "54034000000", "propertyPlantEquipment": "18356000000", "accumulatedDepreciationAmortizationPPE": "None", "intangibleAssets": "3733000000", "intangibleAssetsExcludingGoodwill": "3733000000", "goodwill": "17872000000", "investments": "None", "longTermInvestments": "10431000000", "shortTermInvestments": "106730000000", "otherCurrentAssets": "5892000000", "otherNonCurrentAssets": "None", "totalLiabilities": "121697000000", "totalCurrentLiabilities": "59357000000", "currentAccountsPayable": "6898000000", "deferredRevenue": "None", "currentDebt": "None", "shortTermDebt": "12904000000", "totalNonCurrentLiabilities": "62340000000", "capitalLeaseObligations": "None", "longTermDebt": "40783000000", "currentLongTermDebt": "12904000000", "longTermDebtNoncurrent": "None", "shortLongTermDebtTotal": "53687000000", "otherCurrentLiabilities": "12087000000", "otherNonCurrentLiabilities": "13640000000", "totalShareholderEquity": "71997000000", "treasuryStock": "0", "retainedEarnings": "2282000000", "commonStock": "68178000000", "commonStockSharesOutstanding": "8013000000"}, {"fiscalDateEnding": "2015-06-30", "reportedCurrency": "USD", "totalAssets": "174472000000", "totalCurrentAssets": "122797000000", "cashAndCashEquivalentsAtCarryingValue": "5595000000", "cashAndShortTermInvestments": "5595000000", "inventory": "2902000000", "currentNetReceivables": "17908000000", "totalNonCurrentAssets": "51675000000", "propertyPlantEquipment": "14731000000", "accumulatedDepreciationAmortizationPPE": "None", "intangibleAssets": "4835000000", "intangibleAssetsExcludingGoodwill": "4835000000", "goodwill": "16939000000", "investments": "None", "longTermInvestments": "12053000000", "shortTermInvestments": "90931000000", "otherCurrentAssets": "5461000000", "otherNonCurrentAssets": "None", "totalLiabilities": "94389000000", "totalCurrentLiabilities": "49647000000", "currentAccountsPayable": "6591000000", "deferredRevenue": "None", "currentDebt": "None", "shortTermDebt": "7484000000", "totalNonCurrentLiabilities": "44742000000", "capitalLeaseObligations": "None", "longTermDebt": "27808000000", "currentLongTermDebt": "2499000000", "longTermDebtNoncurrent": "None", "shortLongTermDebtTotal": "35292000000", "otherCurrentLiabilities": "11743000000", "otherNonCurrentLiabilities": "13544000000", "totalShareholderEquity": "80083000000", "treasuryStock": "0", "retainedEarnings": "9096000000", "commonStock": "68465000000", "commonStockSharesOutstanding": "8254000000"}, {"fiscalDateEnding": "2014-06-30", "reportedCurrency": "USD", "totalAssets": "172384000000", "totalCurrentAssets": "114246000000", "cashAndCashEquivalentsAtCarryingValue": "8669000000", "cashAndShortTermInvestments": "8669000000", "inventory": "2660000000", "currentNetReceivables": "19544000000", "totalNonCurrentAssets": "58138000000", "propertyPlantEquipment": "13011000000", "accumulatedDepreciationAmortizationPPE": "None", "intangibleAssets": "6981000000", "intangibleAssetsExcludingGoodwill": "6981000000", "goodwill": "20127000000", "investments": "None", "longTermInvestments": "14597000000", "shortTermInvestments": "77040000000", "otherCurrentAssets": "6333000000", "otherNonCurrentAssets": "None", "totalLiabilities": "82600000000", "totalCurrentLiabilities": "45625000000", "currentAccountsPayable": "7432000000", "deferredRevenue": "None", "currentDebt": "None", "shortTermDebt": "2000000000", "totalNonCurrentLiabilities": "36975000000", "capitalLeaseObligations": "None", "longTermDebt": "20645000000", "currentLongTermDebt": "23203000000", "longTermDebtNoncurrent": "None", "shortLongTermDebtTotal": "22645000000", "otherCurrentLiabilities": "12261000000", "otherNonCurrentLiabilities": "11594000000", "totalShareholderEquity": "89784000000", "treasuryStock": "0", "retainedEarnings": "17710000000", "commonStock": "68366000000", "commonStockSharesOutstanding": "8399000000"}, {"fiscalDateEnding": "2013-06-30", "reportedCurrency": "USD", "totalAssets": "142431000000", "totalCurrentAssets": "101466000000", "cashAndCashEquivalentsAtCarryingValue": "3804000000", "cashAndShortTermInvestments": "3804000000", "inventory": "1938000000", "currentNetReceivables": "17486000000", "totalNonCurrentAssets": "40965000000", "propertyPlantEquipment": "9991000000", "accumulatedDepreciationAmortizationPPE": "None", "intangibleAssets": "3083000000", "intangibleAssetsExcludingGoodwill": "3083000000", "goodwill": "14655000000", "investments": "None", "longTermInvestments": "10844000000", "shortTermInvestments": "73218000000", "otherCurrentAssets": "5020000000", "otherNonCurrentAssets": "None", "totalLiabilities": "63487000000", "totalCurrentLiabilities": "37417000000", "currentAccountsPayable": "4828000000", "deferredRevenue": "None", "currentDebt": "None", "shortTermDebt": "2999000000", "totalNonCurrentLiabilities": "26070000000", "capitalLeaseObligations": "None", "longTermDebt": "12601000000", "currentLongTermDebt": "None", "longTermDebtNoncurrent": "None", "shortLongTermDebtTotal": "15600000000", "otherCurrentLiabilities": "8359000000", "otherNonCurrentLiabilities": "10000000000", "totalShareholderEquity": "78944000000", "treasuryStock": "0", "retainedEarnings": "9895000000", "commonStock": "67306000000", "commonStockSharesOutstanding": "8470000000"}, {"fiscalDateEnding": "2012-06-30", "reportedCurrency": "USD", "totalAssets": "121271000000", "totalCurrentAssets": "85084000000", "cashAndCashEquivalentsAtCarryingValue": "6938000000", "cashAndShortTermInvestments": "6938000000", "inventory": "1137000000", "currentNetReceivables": "15780000000", "totalNonCurrentAssets": "36187000000", "propertyPlantEquipment": "8269000000", "accumulatedDepreciationAmortizationPPE": "None", "intangibleAssets": "3170000000", "intangibleAssetsExcludingGoodwill": "3170000000", "goodwill": "13452000000", "investments": "None", "longTermInvestments": "9776000000", "shortTermInvestments": "56102000000", "otherCurrentAssets": "5127000000", "otherNonCurrentAssets": "None", "totalLiabilities": "54908000000", "totalCurrentLiabilities": "32688000000", "currentAccountsPayable": "4175000000", "deferredRevenue": "None", "currentDebt": "None", "shortTermDebt": "1231000000", "totalNonCurrentLiabilities": "22220000000", "capitalLeaseObligations": "None", "longTermDebt": "10713000000", "currentLongTermDebt": "None", "longTermDebtNoncurrent": "None", "shortLongTermDebtTotal": "11944000000", "otherCurrentLiabilities": "7840000000", "otherNonCurrentLiabilities": "8208000000", "totalShareholderEquity": "66363000000", "treasuryStock": "0", "retainedEarnings": "566000000", "commonStock": "65797000000", "commonStockSharesOutstanding": "8506000000"}, {"fiscalDateEnding": "2011-06-30", "reportedCurrency": "USD", "totalAssets": "108704000000", "totalCurrentAssets": "74918000000", "cashAndCashEquivalentsAtCarryingValue": "9610000000", "cashAndShortTermInvestments": "9610000000", "inventory": "1372000000", "currentNetReceivables": "14987000000", "totalNonCurrentAssets": "33786000000", "propertyPlantEquipment": "8162000000", "accumulatedDepreciationAmortizationPPE": "None", "intangibleAssets": "744000000", "intangibleAssetsExcludingGoodwill": "744000000", "goodwill": "12581000000", "investments": "None", "longTermInvestments": "10865000000", "shortTermInvestments": "43162000000", "otherCurrentAssets": "3320000000", "otherNonCurrentAssets": "None", "totalLiabilities": "51621000000", "totalCurrentLiabilities": "28774000000", "currentAccountsPayable": "4197000000", "deferredRevenue": "None", "currentDebt": "None", "shortTermDebt": "5363000000", "totalNonCurrentLiabilities": "22847000000", "capitalLeaseObligations": "None", "longTermDebt": "11921000000", "currentLongTermDebt": "None", "longTermDebtNoncurrent": "None", "shortLongTermDebtTotal": "17284000000", "otherCurrentLiabilities": "3492000000", "otherNonCurrentLiabilities": "8072000000", "totalShareholderEquity": "57083000000", "treasuryStock": "0", "retainedEarnings": "-6332000000", "commonStock": "63415000000", "commonStockSharesOutstanding": "8593000000"}, {"fiscalDateEnding": "2010-06-30", "reportedCurrency": "USD", "totalAssets": "86113000000", "totalCurrentAssets": "55676000000", "cashAndCashEquivalentsAtCarryingValue": "5505000000", "cashAndShortTermInvestments": "5505000000", "inventory": "740000000", "currentNetReceivables": "13014000000", "totalNonCurrentAssets": "30437000000", "propertyPlantEquipment": "7630000000", "accumulatedDepreciationAmortizationPPE": "None", "intangibleAssets": "1158000000", "intangibleAssetsExcludingGoodwill": "1158000000", "goodwill": "12394000000", "investments": "None", "longTermInvestments": "7754000000", "shortTermInvestments": "31283000000", "otherCurrentAssets": "5134000000", "otherNonCurrentAssets": "None", "totalLiabilities": "39938000000", "totalCurrentLiabilities": "26147000000", "currentAccountsPayable": "4025000000", "deferredRevenue": "None", "currentDebt": "None", "shortTermDebt": "1000000000", "totalNonCurrentLiabilities": "13791000000", "capitalLeaseObligations": "None", "longTermDebt": "4939000000", "currentLongTermDebt": "None", "longTermDebtNoncurrent": "None", "shortLongTermDebtTotal": "5939000000", "otherCurrentLiabilities": "6396000000", "otherNonCurrentLiabilities": "7445000000", "totalShareholderEquity": "46175000000", "treasuryStock": "0", "retainedEarnings": "-16681000000", "commonStock": "62856000000", "commonStockSharesOutstanding": "8927000000"}, {"fiscalDateEnding": "2009-06-30", "reportedCurrency": "USD", "totalAssets": "77888000000", "totalCurrentAssets": "49280000000", "cashAndCashEquivalentsAtCarryingValue": "6076000000", "cashAndShortTermInvestments": "6076000000", "inventory": "717000000", "currentNetReceivables": "11192000000", "totalNonCurrentAssets": "28608000000", "propertyPlantEquipment": "7535000000", "accumulatedDepreciationAmortizationPPE": "None", "intangibleAssets": "1759000000", "intangibleAssetsExcludingGoodwill": "1759000000", "goodwill": "12503000000", "investments": "None", "longTermInvestments": "None", "shortTermInvestments": "25371000000", "otherCurrentAssets": "3711000000", "otherNonCurrentAssets": "None", "totalLiabilities": "38330000000", "totalCurrentLiabilities": "27034000000", "currentAccountsPayable": "3324000000", "deferredRevenue": "None", "currentDebt": "None", "shortTermDebt": "2000000000", "totalNonCurrentLiabilities": "11296000000", "capitalLeaseObligations": "None", "longTermDebt": "3756000000", "currentLongTermDebt": "None", "longTermDebtNoncurrent": "None", "shortLongTermDebtTotal": "5756000000", "otherCurrentLiabilities": "8707000000", "otherNonCurrentLiabilities": "None", "totalShareholderEquity": "39558000000", "treasuryStock": "None", "retainedEarnings": "-22824000000", "commonStock": "62382000000", "commonStockSharesOutstanding": "8996000000"}, {"fiscalDateEnding": "2008-06-30", "reportedCurrency": "USD", "totalAssets": "72793000000", "totalCurrentAssets": "43242000000", "cashAndCashEquivalentsAtCarryingValue": "10339000000", "cashAndShortTermInvestments": "10339000000", "inventory": "985000000", "currentNetReceivables": "13589000000", "totalNonCurrentAssets": "29551000000", "propertyPlantEquipment": "6242000000", "accumulatedDepreciationAmortizationPPE": "None", "intangibleAssets": "1973000000", "intangibleAssetsExcludingGoodwill": "1973000000", "goodwill": "12108000000", "investments": "None", "longTermInvestments": "None", "shortTermInvestments": "13323000000", "otherCurrentAssets": "5006000000", "otherNonCurrentAssets": "None", "totalLiabilities": "36507000000", "totalCurrentLiabilities": "29886000000", "currentAccountsPayable": "4034000000", "deferredRevenue": "None", "currentDebt": "None", "shortTermDebt": "8796000000", "totalNonCurrentLiabilities": "6621000000", "capitalLeaseObligations": "None", "longTermDebt": "1000000", "currentLongTermDebt": "None", "longTermDebtNoncurrent": "None", "shortLongTermDebtTotal": "None", "otherCurrentLiabilities": "9207000000", "otherNonCurrentLiabilities": "None", "totalShareholderEquity": "36286000000", "treasuryStock": "None", "retainedEarnings": "-27703000000", "commonStock": "62849000000", "commonStockSharesOutstanding": "9470000000"}, {"fiscalDateEnding": "2007-06-30", "reportedCurrency": "USD", "totalAssets": "63171000000", "totalCurrentAssets": "40168000000", "cashAndCashEquivalentsAtCarryingValue": "6111000000", "cashAndShortTermInvestments": "6111000000", "inventory": "1127000000", "currentNetReceivables": "11338000000", "totalNonCurrentAssets": "23003000000", "propertyPlantEquipment": "4350000000", "accumulatedDepreciationAmortizationPPE": "None", "intangibleAssets": "878000000", "intangibleAssetsExcludingGoodwill": "878000000", "goodwill": "4760000000", "investments": "None", "longTermInvestments": "None", "shortTermInvestments": "17300000000", "otherCurrentAssets": "4292000000", "otherNonCurrentAssets": "None", "totalLiabilities": "32074000000", "totalCurrentLiabilities": "23754000000", "currentAccountsPayable": "3247000000", "deferredRevenue": "None", "currentDebt": "None", "shortTermDebt": "2325000000", "totalNonCurrentLiabilities": "8320000000", "capitalLeaseObligations": "None", "longTermDebt": "None", "currentLongTermDebt": "None", "longTermDebtNoncurrent": "None", "shortLongTermDebtTotal": "None", "otherCurrentLiabilities": "9728000000", "otherNonCurrentLiabilities": "None", "totalShareholderEquity": "31097000000", "treasuryStock": "None", "retainedEarnings": "-31114000000", "commonStock": "60557000000", "commonStockSharesOutstanding": "9886000000"}, {"fiscalDateEnding": "2006-06-30", "reportedCurrency": "USD", "totalAssets": "69597000000", "totalCurrentAssets": "49010000000", "cashAndCashEquivalentsAtCarryingValue": "6714000000", "cashAndShortTermInvestments": "6714000000", "inventory": "1478000000", "currentNetReceivables": "9316000000", "totalNonCurrentAssets": "20587000000", "propertyPlantEquipment": "3044000000", "accumulatedDepreciationAmortizationPPE": "None", "intangibleAssets": "539000000", "intangibleAssetsExcludingGoodwill": "539000000", "goodwill": "3866000000", "investments": "None", "longTermInvestments": "None", "shortTermInvestments": "27447000000", "otherCurrentAssets": "4055000000", "otherNonCurrentAssets": "None", "totalLiabilities": "29493000000", "totalCurrentLiabilities": "22442000000", "currentAccountsPayable": "2909000000", "deferredRevenue": "None", "currentDebt": "None", "shortTermDebt": "3495000000", "totalNonCurrentLiabilities": "7051000000", "capitalLeaseObligations": "None", "longTermDebt": "None", "currentLongTermDebt": "None", "longTermDebtNoncurrent": "None", "shortLongTermDebtTotal": "None", "otherCurrentLiabilities": "10395000000", "otherNonCurrentLiabilities": "None", "totalShareholderEquity": "40104000000", "treasuryStock": "None", "retainedEarnings": "-20130000000", "commonStock": "59005000000", "commonStockSharesOutstanding": "10531000000"}, {"fiscalDateEnding": "2005-06-30", "reportedCurrency": "USD", "totalAssets": "70815000000", "totalCurrentAssets": "48737000000", "cashAndCashEquivalentsAtCarryingValue": "4851000000", "cashAndShortTermInvestments": "4851000000", "inventory": "491000000", "currentNetReceivables": "7180000000", "totalNonCurrentAssets": "22078000000", "propertyPlantEquipment": "2346000000", "accumulatedDepreciationAmortizationPPE": "None", "intangibleAssets": "3808000000", "intangibleAssetsExcludingGoodwill": "3808000000", "goodwill": "3309000000", "investments": "None", "longTermInvestments": "None", "shortTermInvestments": "32900000000", "otherCurrentAssets": "3315000000", "otherNonCurrentAssets": "None", "totalLiabilities": "22700000000", "totalCurrentLiabilities": "16877000000", "currentAccountsPayable": "2086000000", "deferredRevenue": "None", "currentDebt": "None", "shortTermDebt": "1662000000", "totalNonCurrentLiabilities": "5823000000", "capitalLeaseObligations": "None", "longTermDebt": "None", "currentLongTermDebt": "None", "longTermDebtNoncurrent": "None", "shortLongTermDebtTotal": "None", "otherCurrentLiabilities": "7289000000", "otherNonCurrentLiabilities": "None", "totalShareholderEquity": "48115000000", "treasuryStock": "None", "retainedEarnings": "-13724000000", "commonStock": "60413000000", "commonStockSharesOutstanding": "10906000000"}], "income_stmt": [{"fiscalDateEnding": "2024-06-30", "reportedCurrency": "USD", "grossProfit": "171008000000", "totalRevenue": "245122000000", "costOfRevenue": "74114000000", "costofGoodsAndServicesSold": "74114000000", "operatingIncome": "109433000000", "sellingGeneralAndAdministrative": "7609000000", "researchAndDevelopment": "29510000000", "operatingExpenses": "61575000000", "investmentIncomeNet": "None", "netInterestIncome": "222000000", "interestIncome": "3157000000", "interestExpense": "2935000000", "nonInterestIncome": "None", "otherNonOperatingIncome": "None", "depreciation": "None", "depreciationAndAmortization": "22287000000", "incomeBeforeTax": "107787000000", "incomeTaxExpense": "19651000000", "interestAndDebtExpense": "None", "netIncomeFromContinuingOperations": "88136000000", "comprehensiveIncomeNetOfTax": "None", "ebit": "110722000000", "ebitda": "133009000000", "netIncome": "88136000000"}, {"fiscalDateEnding": "2023-06-30", "reportedCurrency": "USD", "grossProfit": "146052000000", "totalRevenue": "211915000000", "costOfRevenue": "65863000000", "costofGoodsAndServicesSold": "65863000000", "operatingIncome": "88523000000", "sellingGeneralAndAdministrative": "7575000000", "researchAndDevelopment": "27195000000", "operatingExpenses": "57529000000", "investmentIncomeNet": "None", "netInterestIncome": "1026000000", "interestIncome": "1041000000", "interestExpense": "1968000000", "nonInterestIncome": "None", "otherNonOperatingIncome": "None", "depreciation": "None", "depreciationAndAmortization": "13861000000", "incomeBeforeTax": "89311000000", "incomeTaxExpense": "16950000000", "interestAndDebtExpense": "None", "netIncomeFromContinuingOperations": "72361000000", "comprehensiveIncomeNetOfTax": "None", "ebit": "91279000000", "ebitda": "105140000000", "netIncome": "72361000000"}, {"fiscalDateEnding": "2022-06-30", "reportedCurrency": "USD", "grossProfit": "135620000000", "totalRevenue": "198270000000", "costOfRevenue": "62650000000", "costofGoodsAndServicesSold": "62650000000", "operatingIncome": "83383000000", "sellingGeneralAndAdministrative": "5900000000", "researchAndDevelopment": "24512000000", "operatingExpenses": "52237000000", "investmentIncomeNet": "None", "netInterestIncome": "31000000", "interestIncome": "2094000000", "interestExpense": "2063000000", "nonInterestIncome": "None", "otherNonOperatingIncome": "333000000", "depreciation": "None", "depreciationAndAmortization": "14460000000", "incomeBeforeTax": "83716000000", "incomeTaxExpense": "10978000000", "interestAndDebtExpense": "None", "netIncomeFromContinuingOperations": "72738000000", "comprehensiveIncomeNetOfTax": "None", "ebit": "85779000000", "ebitda": "100239000000", "netIncome": "72738000000"}, {"fiscalDateEnding": "2021-06-30", "reportedCurrency": "USD", "grossProfit": "115856000000", "totalRevenue": "168088000000", "costOfRevenue": "52232000000", "costofGoodsAndServicesSold": "52232000000", "operatingIncome": "69916000000", "sellingGeneralAndAdministrative": "5107000000", "researchAndDevelopment": "20716000000", "operatingExpenses": "45940000000", "investmentIncomeNet": "None", "netInterestIncome": "-215000000", "interestIncome": "2131000000", "interestExpense": "2346000000", "nonInterestIncome": "None", "otherNonOperatingIncome": "1186000000", "depreciation": "None", "depreciationAndAmortization": "11686000000", "incomeBeforeTax": "71102000000", "incomeTaxExpense": "9831000000", "interestAndDebtExpense": "None", "netIncomeFromContinuingOperations": "61271000000", "comprehensiveIncomeNetOfTax": "None", "ebit": "73448000000", "ebitda": "85134000000", "netIncome": "61271000000"}, {"fiscalDateEnding": "2020-06-30", "reportedCurrency": "USD", "grossProfit": "96937000000", "totalRevenue": "143015000000", "costOfRevenue": "46078000000", "costofGoodsAndServicesSold": "46078000000", "operatingIncome": "52959000000", "sellingGeneralAndAdministrative": "5111000000", "researchAndDevelopment": "19269000000", "operatingExpenses": "43978000000", "investmentIncomeNet": "None", "netInterestIncome": "-2591000000", "interestIncome": "2680000000", "interestExpense": "2591000000", "nonInterestIncome": "None", "otherNonOperatingIncome": "77000000", "depreciation": "None", "depreciationAndAmortization": "12796000000", "incomeBeforeTax": "53036000000", "incomeTaxExpense": "8755000000", "interestAndDebtExpense": "None", "netIncomeFromContinuingOperations": "44281000000", "comprehensiveIncomeNetOfTax": "None", "ebit": "55627000000", "ebitda": "68423000000", "netIncome": "44281000000"}, {"fiscalDateEnding": "2019-06-30", "reportedCurrency": "USD", "grossProfit": "82933000000", "totalRevenue": "125843000000", "costOfRevenue": "42910000000", "costofGoodsAndServicesSold": "42910000000", "operatingIncome": "42959000000", "sellingGeneralAndAdministrative": "4885000000", "researchAndDevelopment": "16876000000", "operatingExpenses": "39974000000", "investmentIncomeNet": "None", "netInterestIncome": "-2686000000", "interestIncome": "812000000", "interestExpense": "2686000000", "nonInterestIncome": "None", "otherNonOperatingIncome": "729000000", "depreciation": "None", "depreciationAndAmortization": "11682000000", "incomeBeforeTax": "43688000000", "incomeTaxExpense": "4448000000", "interestAndDebtExpense": "None", "netIncomeFromContinuingOperations": "39240000000", "comprehensiveIncomeNetOfTax": "None", "ebit": "46374000000", "ebitda": "58056000000", "netIncome": "39240000000"}, {"fiscalDateEnding": "2018-06-30", "reportedCurrency": "USD", "grossProfit": "72007000000", "totalRevenue": "110360000000", "costOfRevenue": "38353000000", "costofGoodsAndServicesSold": "38353000000", "operatingIncome": "35058000000", "sellingGeneralAndAdministrative": "4754000000", "researchAndDevelopment": "14726000000", "operatingExpenses": "36949000000", "investmentIncomeNet": "None", "netInterestIncome": "-2733000000", "interestIncome": "1522000000", "interestExpense": "2733000000", "nonInterestIncome": "None", "otherNonOperatingIncome": "1416000000", "depreciation": "None", "depreciationAndAmortization": "10261000000", "incomeBeforeTax": "36474000000", "incomeTaxExpense": "19903000000", "interestAndDebtExpense": "None", "netIncomeFromContinuingOperations": "16571000000", "comprehensiveIncomeNetOfTax": "None", "ebit": "39207000000", "ebitda": "49468000000", "netIncome": "16571000000"}, {"fiscalDateEnding": "2017-06-30", "reportedCurrency": "USD", "grossProfit": "62310000000", "totalRevenue": "96571000000", "costOfRevenue": "34261000000", "costofGoodsAndServicesSold": "34261000000", "operatingIncome": "29025000000", "sellingGeneralAndAdministrative": "4481000000", "researchAndDevelopment": "13037000000", "operatingExpenses": "32979000000", "investmentIncomeNet": "None", "netInterestIncome": "-2222000000", "interestIncome": "1182000000", "interestExpense": "2222000000", "nonInterestIncome": "None", "otherNonOperatingIncome": "823000000", "depreciation": "None", "depreciationAndAmortization": "8778000000", "incomeBeforeTax": "29901000000", "incomeTaxExpense": "4412000000", "interestAndDebtExpense": "None", "netIncomeFromContinuingOperations": "21204000000", "comprehensiveIncomeNetOfTax": "None", "ebit": "32123000000", "ebitda": "40901000000", "netIncome": "25489000000"}, {"fiscalDateEnding": "2016-06-30", "reportedCurrency": "USD", "grossProfit": "58374000000", "totalRevenue": "91154000000", "costOfRevenue": "32780000000", "costofGoodsAndServicesSold": "32780000000", "operatingIncome": "26078000000", "sellingGeneralAndAdministrative": "4563000000", "researchAndDevelopment": "11988000000", "operatingExpenses": "31186000000", "investmentIncomeNet": "None", "netInterestIncome": "-1243000000", "interestIncome": "78000000", "interestExpense": "1243000000", "nonInterestIncome": "None", "otherNonOperatingIncome": "-431000000", "depreciation": "None", "depreciationAndAmortization": "6622000000", "incomeBeforeTax": "25639000000", "incomeTaxExpense": "5100000000", "interestAndDebtExpense": "None", "netIncomeFromContinuingOperations": "16798000000", "comprehensiveIncomeNetOfTax": "None", "ebit": "26882000000", "ebitda": "33504000000", "netIncome": "20539000000"}, {"fiscalDateEnding": "2015-06-30", "reportedCurrency": "USD", "grossProfit": "60542000000", "totalRevenue": "93580000000", "costOfRevenue": "33038000000", "costofGoodsAndServicesSold": "33038000000", "operatingIncome": "18161000000", "sellingGeneralAndAdministrative": "4611000000", "researchAndDevelopment": "12046000000", "operatingExpenses": "32370000000", "investmentIncomeNet": "None", "netInterestIncome": "None", "interestIncome": "None", "interestExpense": "781000000", "nonInterestIncome": "None", "otherNonOperatingIncome": "346000000", "depreciation": "None", "depreciationAndAmortization": "5957000000", "incomeBeforeTax": "18507000000", "incomeTaxExpense": "6314000000", "interestAndDebtExpense": "None", "netIncomeFromContinuingOperations": "12193000000", "comprehensiveIncomeNetOfTax": "None", "ebit": "19288000000", "ebitda": "25245000000", "netIncome": "12193000000"}, {"fiscalDateEnding": "2014-06-30", "reportedCurrency": "USD", "grossProfit": "59755000000", "totalRevenue": "86833000000", "costOfRevenue": "27078000000", "costofGoodsAndServicesSold": "27078000000", "operatingIncome": "27759000000", "sellingGeneralAndAdministrative": "4677000000", "researchAndDevelopment": "11381000000", "operatingExpenses": "31869000000", "investmentIncomeNet": "None", "netInterestIncome": "None", "interestIncome": "None", "interestExpense": "597000000", "nonInterestIncome": "None", "otherNonOperatingIncome": "61000000", "depreciation": "None", "depreciationAndAmortization": "5212000000", "incomeBeforeTax": "27820000000", "incomeTaxExpense": "5746000000", "interestAndDebtExpense": "None", "netIncomeFromContinuingOperations": "22074000000", "comprehensiveIncomeNetOfTax": "None", "ebit": "28417000000", "ebitda": "33629000000", "netIncome": "22074000000"}, {"fiscalDateEnding": "2013-06-30", "reportedCurrency": "USD", "grossProfit": "57464000000", "totalRevenue": "77849000000", "costOfRevenue": "20385000000", "costofGoodsAndServicesSold": "20385000000", "operatingIncome": "26764000000", "sellingGeneralAndAdministrative": "5013000000", "researchAndDevelopment": "10411000000", "operatingExpenses": "30700000000", "investmentIncomeNet": "None", "netInterestIncome": "None", "interestIncome": "None", "interestExpense": "429000000", "nonInterestIncome": "None", "otherNonOperatingIncome": "288000000", "depreciation": "None", "depreciationAndAmortization": "3755000000", "incomeBeforeTax": "27052000000", "incomeTaxExpense": "5189000000", "interestAndDebtExpense": "None", "netIncomeFromContinuingOperations": "21863000000", "comprehensiveIncomeNetOfTax": "None", "ebit": "27481000000", "ebitda": "31236000000", "netIncome": "21863000000"}, {"fiscalDateEnding": "2012-06-30", "reportedCurrency": "USD", "grossProfit": "56193000000", "totalRevenue": "73723000000", "costOfRevenue": "17530000000", "costofGoodsAndServicesSold": "17530000000", "operatingIncome": "21763000000", "sellingGeneralAndAdministrative": "4569000000", "researchAndDevelopment": "9811000000", "operatingExpenses": "28237000000", "investmentIncomeNet": "None", "netInterestIncome": "None", "interestIncome": "None", "interestExpense": "380000000", "nonInterestIncome": "None", "otherNonOperatingIncome": "504000000", "depreciation": "None", "depreciationAndAmortization": "2967000000", "incomeBeforeTax": "22267000000", "incomeTaxExpense": "5289000000", "interestAndDebtExpense": "None", "netIncomeFromContinuingOperations": "16978000000", "comprehensiveIncomeNetOfTax": "None", "ebit": "22647000000", "ebitda": "25614000000", "netIncome": "16978000000"}, {"fiscalDateEnding": "2011-06-30", "reportedCurrency": "USD", "grossProfit": "54366000000", "totalRevenue": "69943000000", "costOfRevenue": "15577000000", "costofGoodsAndServicesSold": "15577000000", "operatingIncome": "27161000000", "sellingGeneralAndAdministrative": "4222000000", "researchAndDevelopment": "9043000000", "operatingExpenses": "27205000000", "investmentIncomeNet": "None", "netInterestIncome": "None", "interestIncome": "None", "interestExpense": "295000000", "nonInterestIncome": "None", "otherNonOperatingIncome": "910000000", "depreciation": "None", "depreciationAndAmortization": "2766000000", "incomeBeforeTax": "28071000000", "incomeTaxExpense": "4921000000", "interestAndDebtExpense": "None", "netIncomeFromContinuingOperations": "23150000000", "comprehensiveIncomeNetOfTax": "None", "ebit": "28366000000", "ebitda": "31132000000", "netIncome": "23150000000"}, {"fiscalDateEnding": "2010-06-30", "reportedCurrency": "USD", "grossProfit": "50089000000", "totalRevenue": "62484000000", "costOfRevenue": "12395000000", "costofGoodsAndServicesSold": "12395000000", "operatingIncome": "24098000000", "sellingGeneralAndAdministrative": "4063000000", "researchAndDevelopment": "8714000000", "operatingExpenses": "25991000000", "investmentIncomeNet": "None", "netInterestIncome": "None", "interestIncome": "None", "interestExpense": "151000000", "nonInterestIncome": "None", "otherNonOperatingIncome": "915000000", "depreciation": "None", "depreciationAndAmortization": "2673000000", "incomeBeforeTax": "25013000000", "incomeTaxExpense": "6253000000", "interestAndDebtExpense": "None", "netIncomeFromContinuingOperations": "18760000000", "comprehensiveIncomeNetOfTax": "None", "ebit": "25164000000", "ebitda": "27837000000", "netIncome": "18760000000"}, {"fiscalDateEnding": "2009-06-30", "reportedCurrency": "USD", "grossProfit": "46282000000", "totalRevenue": "58437000000", "costOfRevenue": "12155000000", "costofGoodsAndServicesSold": "12155000000", "operatingIncome": "20363000000", "sellingGeneralAndAdministrative": "4030000000", "researchAndDevelopment": "9010000000", "operatingExpenses": "25919000000", "investmentIncomeNet": "None", "netInterestIncome": "None", "interestIncome": "None", "interestExpense": "38000000", "nonInterestIncome": "None", "otherNonOperatingIncome": "None", "depreciation": "None", "depreciationAndAmortization": "2562000000", "incomeBeforeTax": "19821000000", "incomeTaxExpense": "5252000000", "interestAndDebtExpense": "None", "netIncomeFromContinuingOperations": "None", "comprehensiveIncomeNetOfTax": "None", "ebit": "19859000000", "ebitda": "22421000000", "netIncome": "14569000000"}, {"fiscalDateEnding": "2008-06-30", "reportedCurrency": "USD", "grossProfit": "48822000000", "totalRevenue": "60420000000", "costOfRevenue": "11598000000", "costofGoodsAndServicesSold": "11598000000", "operatingIncome": "22271000000", "sellingGeneralAndAdministrative": "5127000000", "researchAndDevelopment": "8164000000", "operatingExpenses": "26551000000", "investmentIncomeNet": "None", "netInterestIncome": "None", "interestIncome": "None", "interestExpense": "106000000", "nonInterestIncome": "None", "otherNonOperatingIncome": "None", "depreciation": "None", "depreciationAndAmortization": "2056000000", "incomeBeforeTax": "23814000000", "incomeTaxExpense": "6133000000", "interestAndDebtExpense": "None", "netIncomeFromContinuingOperations": "None", "comprehensiveIncomeNetOfTax": "None", "ebit": "23920000000", "ebitda": "25976000000", "netIncome": "17681000000"}, {"fiscalDateEnding": "2007-06-30", "reportedCurrency": "USD", "grossProfit": "40429000000", "totalRevenue": "51122000000", "costOfRevenue": "10693000000", "costofGoodsAndServicesSold": "10693000000", "operatingIncome": "18438000000", "sellingGeneralAndAdministrative": "3329000000", "researchAndDevelopment": "7121000000", "operatingExpenses": "21991000000", "investmentIncomeNet": "None", "netInterestIncome": "None", "interestIncome": "None", "interestExpense": "0", "nonInterestIncome": "None", "otherNonOperatingIncome": "None", "depreciation": "None", "depreciationAndAmortization": "1440000000", "incomeBeforeTax": "20101000000", "incomeTaxExpense": "6036000000", "interestAndDebtExpense": "None", "netIncomeFromContinuingOperations": "None", "comprehensiveIncomeNetOfTax": "None", "ebit": "18438000000", "ebitda": "19878000000", "netIncome": "14065000000"}, {"fiscalDateEnding": "2006-06-30", "reportedCurrency": "USD", "grossProfit": "36632000000", "totalRevenue": "44282000000", "costOfRevenue": "7650000000", "costofGoodsAndServicesSold": "7650000000", "operatingIncome": "16472000000", "sellingGeneralAndAdministrative": "3758000000", "researchAndDevelopment": "6584000000", "operatingExpenses": "20160000000", "investmentIncomeNet": "None", "netInterestIncome": "None", "interestIncome": "None", "interestExpense": "0", "nonInterestIncome": "None", "otherNonOperatingIncome": "None", "depreciation": "None", "depreciationAndAmortization": "903000000", "incomeBeforeTax": "18262000000", "incomeTaxExpense": "5663000000", "interestAndDebtExpense": "None", "netIncomeFromContinuingOperations": "None", "comprehensiveIncomeNetOfTax": "None", "ebit": "16472000000", "ebitda": "17375000000", "netIncome": "12599000000"}, {"fiscalDateEnding": "2005-06-30", "reportedCurrency": "USD", "grossProfit": "33757000000", "totalRevenue": "39788000000", "costOfRevenue": "6031000000", "costofGoodsAndServicesSold": "6031000000", "operatingIncome": "14561000000", "sellingGeneralAndAdministrative": "12843000000", "researchAndDevelopment": "6184000000", "operatingExpenses": "19196000000", "investmentIncomeNet": "None", "netInterestIncome": "None", "interestIncome": "None", "interestExpense": "0", "nonInterestIncome": "None", "otherNonOperatingIncome": "None", "depreciation": "None", "depreciationAndAmortization": "855000000", "incomeBeforeTax": "16628000000", "incomeTaxExpense": "4374000000", "interestAndDebtExpense": "None", "netIncomeFromContinuingOperations": "None", "comprehensiveIncomeNetOfTax": "None", "ebit": "14561000000", "ebitda": "15416000000", "netIncome": "12254000000"}]}