{"cash_flow": [{"fiscalDateEnding": "2025-01-31", "reportedCurrency": "USD", "operatingCashflow": "64089000000", "paymentsForOperatingActivities": "None", "proceedsFromOperatingActivities": "None", "changeInOperatingLiabilities": "None", "changeInOperatingAssets": "None", "depreciationDepletionAndAmortization": "1864000000", "capitalExpenditures": "3236000000", "changeInReceivables": "None", "changeInInventory": "-4781000000", "profitLoss": "None", "cashflowFromInvestment": "None", "cashflowFromFinancing": "-42359000000", "proceedsFromRepaymentsOfShortTermDebt": "None", "paymentsForRepurchaseOfCommonStock": "None", "paymentsForRepurchaseOfEquity": "None", "paymentsForRepurchaseOfPreferredStock": "None", "dividendPayout": "834000000", "dividendPayoutCommonStock": "834000000", "dividendPayoutPreferredStock": "None", "proceedsFromIssuanceOfCommonStock": "None", "proceedsFromIssuanceOfLongTermDebtAndCapitalSecuritiesNet": "None", "proceedsFromIssuanceOfPreferredStock": "None", "proceedsFromRepurchaseOfEquity": "-33706000000", "proceedsFromSaleOfTreasuryStock": "None", "changeInCashAndCashEquivalents": "None", "changeInExchangeRate": "None", "netIncome": "72880000000"}, {"fiscalDateEnding": "2024-01-31", "reportedCurrency": "USD", "operatingCashflow": "28090000000", "paymentsForOperatingActivities": "None", "proceedsFromOperatingActivities": "None", "changeInOperatingLiabilities": "None", "changeInOperatingAssets": "None", "depreciationDepletionAndAmortization": "1508000000", "capitalExpenditures": "1069000000", "changeInReceivables": "None", "changeInInventory": "-98000000", "profitLoss": "None", "cashflowFromInvestment": "-10566000000", "cashflowFromFinancing": "-13633000000", "proceedsFromRepaymentsOfShortTermDebt": "None", "paymentsForRepurchaseOfCommonStock": "None", "paymentsForRepurchaseOfEquity": "None", "paymentsForRepurchaseOfPreferredStock": "None", "dividendPayout": "395000000", "dividendPayoutCommonStock": "395000000", "dividendPayoutPreferredStock": "None", "proceedsFromIssuanceOfCommonStock": "None", "proceedsFromIssuanceOfLongTermDebtAndCapitalSecuritiesNet": "None", "proceedsFromIssuanceOfPreferredStock": "None", "proceedsFromRepurchaseOfEquity": "-9533000000", "proceedsFromSaleOfTreasuryStock": "None", "changeInCashAndCashEquivalents": "None", "changeInExchangeRate": "None", "netIncome": "29760000000"}, {"fiscalDateEnding": "2023-01-31", "reportedCurrency": "USD", "operatingCashflow": "5641000000", "paymentsForOperatingActivities": "None", "proceedsFromOperatingActivities": "None", "changeInOperatingLiabilities": "None", "changeInOperatingAssets": "None", "depreciationDepletionAndAmortization": "1544000000", "capitalExpenditures": "1833000000", "changeInReceivables": "822000000", "changeInInventory": "-2554000000", "profitLoss": "None", "cashflowFromInvestment": "7375000000", "cashflowFromFinancing": "-11617000000", "proceedsFromRepaymentsOfShortTermDebt": "None", "paymentsForRepurchaseOfCommonStock": "None", "paymentsForRepurchaseOfEquity": "None", "paymentsForRepurchaseOfPreferredStock": "None", "dividendPayout": "398000000", "dividendPayoutCommonStock": "398000000", "dividendPayoutPreferredStock": "None", "proceedsFromIssuanceOfCommonStock": "None", "proceedsFromIssuanceOfLongTermDebtAndCapitalSecuritiesNet": "None", "proceedsFromIssuanceOfPreferredStock": "None", "proceedsFromRepurchaseOfEquity": "-10039000000", "proceedsFromSaleOfTreasuryStock": "None", "changeInCashAndCashEquivalents": "1399000000", "changeInExchangeRate": "None", "netIncome": "4368000000"}, {"fiscalDateEnding": "2022-01-31", "reportedCurrency": "USD", "operatingCashflow": "9108000000", "paymentsForOperatingActivities": "None", "proceedsFromOperatingActivities": "None", "changeInOperatingLiabilities": "None", "changeInOperatingAssets": "None", "depreciationDepletionAndAmortization": "1174000000", "capitalExpenditures": "976000000", "changeInReceivables": "-2215000000", "changeInInventory": "-774000000", "profitLoss": "None", "cashflowFromInvestment": "-9830000000", "cashflowFromFinancing": "1865000000", "proceedsFromRepaymentsOfShortTermDebt": "None", "paymentsForRepurchaseOfCommonStock": "None", "paymentsForRepurchaseOfEquity": "None", "paymentsForRepurchaseOfPreferredStock": "None", "dividendPayout": "399000000", "dividendPayoutCommonStock": "399000000", "dividendPayoutPreferredStock": "None", "proceedsFromIssuanceOfCommonStock": "None", "proceedsFromIssuanceOfLongTermDebtAndCapitalSecuritiesNet": "None", "proceedsFromIssuanceOfPreferredStock": "None", "proceedsFromRepurchaseOfEquity": "-1904000000", "proceedsFromSaleOfTreasuryStock": "None", "changeInCashAndCashEquivalents": "1143000000", "changeInExchangeRate": "None", "netIncome": "9752000000"}, {"fiscalDateEnding": "2021-01-31", "reportedCurrency": "USD", "operatingCashflow": "5822000000", "paymentsForOperatingActivities": "None", "proceedsFromOperatingActivities": "None", "changeInOperatingLiabilities": "None", "changeInOperatingAssets": "None", "depreciationDepletionAndAmortization": "1098000000", "capitalExpenditures": "1128000000", "changeInReceivables": "-550000000", "changeInInventory": "-524000000", "profitLoss": "None", "cashflowFromInvestment": "-19675000000", "cashflowFromFinancing": "3804000000", "proceedsFromRepaymentsOfShortTermDebt": "None", "paymentsForRepurchaseOfCommonStock": "None", "paymentsForRepurchaseOfEquity": "None", "paymentsForRepurchaseOfPreferredStock": "None", "dividendPayout": "395000000", "dividendPayoutCommonStock": "395000000", "dividendPayoutPreferredStock": "None", "proceedsFromIssuanceOfCommonStock": "None", "proceedsFromIssuanceOfLongTermDebtAndCapitalSecuritiesNet": "None", "proceedsFromIssuanceOfPreferredStock": "None", "proceedsFromRepurchaseOfEquity": "-942000000", "proceedsFromSaleOfTreasuryStock": "None", "changeInCashAndCashEquivalents": "-10049000000", "changeInExchangeRate": "None", "netIncome": "4332000000"}, {"fiscalDateEnding": "2020-01-31", "reportedCurrency": "USD", "operatingCashflow": "4761000000", "paymentsForOperatingActivities": "None", "proceedsFromOperatingActivities": "None", "changeInOperatingLiabilities": "None", "changeInOperatingAssets": "None", "depreciationDepletionAndAmortization": "381000000", "capitalExpenditures": "489000000", "changeInReceivables": "-233000000", "changeInInventory": "597000000", "profitLoss": "None", "cashflowFromInvestment": "6145000000", "cashflowFromFinancing": "-792000000", "proceedsFromRepaymentsOfShortTermDebt": "None", "paymentsForRepurchaseOfCommonStock": "None", "paymentsForRepurchaseOfEquity": "None", "paymentsForRepurchaseOfPreferredStock": "None", "dividendPayout": "390000000", "dividendPayoutCommonStock": "390000000", "dividendPayoutPreferredStock": "None", "proceedsFromIssuanceOfCommonStock": "None", "proceedsFromIssuanceOfLongTermDebtAndCapitalSecuritiesNet": "None", "proceedsFromIssuanceOfPreferredStock": "None", "proceedsFromRepurchaseOfEquity": "-1579000000", "proceedsFromSaleOfTreasuryStock": "None", "changeInCashAndCashEquivalents": "10114000000", "changeInExchangeRate": "None", "netIncome": "2796000000"}, {"fiscalDateEnding": "2019-01-31", "reportedCurrency": "USD", "operatingCashflow": "3743000000", "paymentsForOperatingActivities": "None", "proceedsFromOperatingActivities": "None", "changeInOperatingLiabilities": "None", "changeInOperatingAssets": "None", "depreciationDepletionAndAmortization": "262000000", "capitalExpenditures": "600000000", "changeInReceivables": "-149000000", "changeInInventory": "-776000000", "profitLoss": "None", "cashflowFromInvestment": "-4097000000", "cashflowFromFinancing": "-2866000000", "proceedsFromRepaymentsOfShortTermDebt": "None", "paymentsForRepurchaseOfCommonStock": "None", "paymentsForRepurchaseOfEquity": "None", "paymentsForRepurchaseOfPreferredStock": "None", "dividendPayout": "371000000", "dividendPayoutCommonStock": "371000000", "dividendPayoutPreferredStock": "None", "proceedsFromIssuanceOfCommonStock": "None", "proceedsFromIssuanceOfLongTermDebtAndCapitalSecuritiesNet": "None", "proceedsFromIssuanceOfPreferredStock": "None", "proceedsFromRepurchaseOfEquity": "-1579000000", "proceedsFromSaleOfTreasuryStock": "None", "changeInCashAndCashEquivalents": "-3220000000", "changeInExchangeRate": "None", "netIncome": "4141000000"}, {"fiscalDateEnding": "2018-01-31", "reportedCurrency": "USD", "operatingCashflow": "3502000000", "paymentsForOperatingActivities": "None", "proceedsFromOperatingActivities": "None", "changeInOperatingLiabilities": "None", "changeInOperatingAssets": "None", "depreciationDepletionAndAmortization": "199000000", "capitalExpenditures": "593000000", "changeInReceivables": "-440000000", "changeInInventory": "-375000000", "profitLoss": "None", "cashflowFromInvestment": "1278000000", "cashflowFromFinancing": "-2544000000", "proceedsFromRepaymentsOfShortTermDebt": "None", "paymentsForRepurchaseOfCommonStock": "None", "paymentsForRepurchaseOfEquity": "None", "paymentsForRepurchaseOfPreferredStock": "None", "dividendPayout": "341000000", "dividendPayoutCommonStock": "341000000", "dividendPayoutPreferredStock": "None", "proceedsFromIssuanceOfCommonStock": "None", "proceedsFromIssuanceOfLongTermDebtAndCapitalSecuritiesNet": "None", "proceedsFromIssuanceOfPreferredStock": "None", "proceedsFromRepurchaseOfEquity": "-909000000", "proceedsFromSaleOfTreasuryStock": "None", "changeInCashAndCashEquivalents": "2236000000", "changeInExchangeRate": "None", "netIncome": "3047000000"}, {"fiscalDateEnding": "2017-01-31", "reportedCurrency": "USD", "operatingCashflow": "1672000000", "paymentsForOperatingActivities": "None", "proceedsFromOperatingActivities": "None", "changeInOperatingLiabilities": "None", "changeInOperatingAssets": "None", "depreciationDepletionAndAmortization": "187000000", "capitalExpenditures": "176000000", "changeInReceivables": "-321000000", "changeInInventory": "-375000000", "profitLoss": "None", "cashflowFromInvestment": "-793000000", "cashflowFromFinancing": "291000000", "proceedsFromRepaymentsOfShortTermDebt": "None", "paymentsForRepurchaseOfCommonStock": "None", "paymentsForRepurchaseOfEquity": "None", "paymentsForRepurchaseOfPreferredStock": "None", "dividendPayout": "261000000", "dividendPayoutCommonStock": "261000000", "dividendPayoutPreferredStock": "None", "proceedsFromIssuanceOfCommonStock": "None", "proceedsFromIssuanceOfLongTermDebtAndCapitalSecuritiesNet": "None", "proceedsFromIssuanceOfPreferredStock": "None", "proceedsFromRepurchaseOfEquity": "-739000000", "proceedsFromSaleOfTreasuryStock": "None", "changeInCashAndCashEquivalents": "1170000000", "changeInExchangeRate": "None", "netIncome": "1666000000"}, {"fiscalDateEnding": "2016-01-31", "reportedCurrency": "USD", "operatingCashflow": "1175000000", "paymentsForOperatingActivities": "None", "proceedsFromOperatingActivities": "None", "changeInOperatingLiabilities": "None", "changeInOperatingAssets": "None", "depreciationDepletionAndAmortization": "197000000", "capitalExpenditures": "86000000", "changeInReceivables": "-32000000", "changeInInventory": "66000000", "profitLoss": "None", "cashflowFromInvestment": "-400000000", "cashflowFromFinancing": "-676000000", "proceedsFromRepaymentsOfShortTermDebt": "None", "paymentsForRepurchaseOfCommonStock": "None", "paymentsForRepurchaseOfEquity": "None", "paymentsForRepurchaseOfPreferredStock": "None", "dividendPayout": "213000000", "dividendPayoutCommonStock": "213000000", "dividendPayoutPreferredStock": "None", "proceedsFromIssuanceOfCommonStock": "None", "proceedsFromIssuanceOfLongTermDebtAndCapitalSecuritiesNet": "None", "proceedsFromIssuanceOfPreferredStock": "None", "proceedsFromRepurchaseOfEquity": "-587000000", "proceedsFromSaleOfTreasuryStock": "None", "changeInCashAndCashEquivalents": "99000000", "changeInExchangeRate": "None", "netIncome": "614000000"}, {"fiscalDateEnding": "2015-01-31", "reportedCurrency": "USD", "operatingCashflow": "906000000", "paymentsForOperatingActivities": "None", "proceedsFromOperatingActivities": "None", "changeInOperatingLiabilities": "None", "changeInOperatingAssets": "None", "depreciationDepletionAndAmortization": "220000000", "capitalExpenditures": "122000000", "changeInReceivables": "-49324000", "changeInInventory": "-95000000", "profitLoss": "None", "cashflowFromInvestment": "-727048000", "cashflowFromFinancing": "-834000000", "proceedsFromRepaymentsOfShortTermDebt": "None", "paymentsForRepurchaseOfCommonStock": "None", "paymentsForRepurchaseOfEquity": "None", "paymentsForRepurchaseOfPreferredStock": "None", "dividendPayout": "186000000", "dividendPayoutCommonStock": "186000000", "dividendPayoutPreferredStock": "None", "proceedsFromIssuanceOfCommonStock": "None", "proceedsFromIssuanceOfLongTermDebtAndCapitalSecuritiesNet": "None", "proceedsFromIssuanceOfPreferredStock": "None", "proceedsFromRepurchaseOfEquity": "-814000000", "proceedsFromSaleOfTreasuryStock": "None", "changeInCashAndCashEquivalents": "-654933000", "changeInExchangeRate": "None", "netIncome": "631000000"}, {"fiscalDateEnding": "2014-01-31", "reportedCurrency": "USD", "operatingCashflow": "835000000", "paymentsForOperatingActivities": "None", "proceedsFromOperatingActivities": "None", "changeInOperatingLiabilities": "None", "changeInOperatingAssets": "None", "depreciationDepletionAndAmortization": "239000000", "capitalExpenditures": "255000000", "changeInReceivables": "28852000", "changeInInventory": "25000000", "profitLoss": "None", "cashflowFromInvestment": "-805937000", "cashflowFromFinancing": "390000000", "proceedsFromRepaymentsOfShortTermDebt": "None", "paymentsForRepurchaseOfCommonStock": "None", "paymentsForRepurchaseOfEquity": "None", "paymentsForRepurchaseOfPreferredStock": "None", "dividendPayout": "181000000", "dividendPayoutCommonStock": "181000000", "dividendPayoutPreferredStock": "None", "proceedsFromIssuanceOfCommonStock": "None", "proceedsFromIssuanceOfLongTermDebtAndCapitalSecuritiesNet": "None", "proceedsFromIssuanceOfPreferredStock": "None", "proceedsFromRepurchaseOfEquity": "-887000000", "proceedsFromSaleOfTreasuryStock": "None", "changeInCashAndCashEquivalents": "418801000", "changeInExchangeRate": "None", "netIncome": "440000000"}, {"fiscalDateEnding": "2013-01-31", "reportedCurrency": "USD", "operatingCashflow": "824172000", "paymentsForOperatingActivities": "None", "proceedsFromOperatingActivities": "None", "changeInOperatingLiabilities": "None", "changeInOperatingAssets": "None", "depreciationDepletionAndAmortization": "226235000", "capitalExpenditures": "183309000", "changeInReceivables": "-118940000", "changeInInventory": "-78949000", "profitLoss": "None", "cashflowFromInvestment": "-743992000", "cashflowFromFinancing": "-15270000", "proceedsFromRepaymentsOfShortTermDebt": "None", "paymentsForRepurchaseOfCommonStock": "None", "paymentsForRepurchaseOfEquity": "None", "paymentsForRepurchaseOfPreferredStock": "None", "dividendPayout": "46866000", "dividendPayoutCommonStock": "46866000", "dividendPayoutPreferredStock": "None", "proceedsFromIssuanceOfCommonStock": "None", "proceedsFromIssuanceOfLongTermDebtAndCapitalSecuritiesNet": "None", "proceedsFromIssuanceOfPreferredStock": "None", "proceedsFromRepurchaseOfEquity": "-100000000", "proceedsFromSaleOfTreasuryStock": "None", "changeInCashAndCashEquivalents": "64910000", "changeInExchangeRate": "None", "netIncome": "562536000"}, {"fiscalDateEnding": "2012-01-31", "reportedCurrency": "USD", "operatingCashflow": "909156000", "paymentsForOperatingActivities": "None", "proceedsFromOperatingActivities": "None", "changeInOperatingLiabilities": "None", "changeInOperatingAssets": "None", "depreciationDepletionAndAmortization": "204205000", "capitalExpenditures": "138735000", "changeInReceivables": "26236000", "changeInInventory": "18884000", "profitLoss": "None", "cashflowFromInvestment": "-1143364000", "cashflowFromFinancing": "236723000", "proceedsFromRepaymentsOfShortTermDebt": "None", "paymentsForRepurchaseOfCommonStock": "None", "paymentsForRepurchaseOfEquity": "None", "paymentsForRepurchaseOfPreferredStock": "None", "dividendPayout": "0", "dividendPayoutCommonStock": "0", "dividendPayoutPreferredStock": "None", "proceedsFromIssuanceOfCommonStock": "None", "proceedsFromIssuanceOfLongTermDebtAndCapitalSecuritiesNet": "None", "proceedsFromIssuanceOfPreferredStock": "None", "proceedsFromRepurchaseOfEquity": "195900000", "proceedsFromSaleOfTreasuryStock": "None", "changeInCashAndCashEquivalents": "2515000", "changeInExchangeRate": "None", "netIncome": "581090000"}, {"fiscalDateEnding": "2011-01-31", "reportedCurrency": "USD", "operatingCashflow": "675797000", "paymentsForOperatingActivities": "None", "proceedsFromOperatingActivities": "None", "changeInOperatingLiabilities": "None", "changeInOperatingAssets": "None", "depreciationDepletionAndAmortization": "186989000", "capitalExpenditures": "97890000", "changeInReceivables": "26341000", "changeInInventory": "-14128000", "profitLoss": "None", "cashflowFromInvestment": "-649678000", "cashflowFromFinancing": "192021000", "proceedsFromRepaymentsOfShortTermDebt": "None", "paymentsForRepurchaseOfCommonStock": "None", "paymentsForRepurchaseOfEquity": "None", "paymentsForRepurchaseOfPreferredStock": "None", "dividendPayout": "0", "dividendPayoutCommonStock": "0", "dividendPayoutPreferredStock": "None", "proceedsFromIssuanceOfCommonStock": "None", "proceedsFromIssuanceOfLongTermDebtAndCapitalSecuritiesNet": "None", "proceedsFromIssuanceOfPreferredStock": "None", "proceedsFromRepurchaseOfEquity": "177300000", "proceedsFromSaleOfTreasuryStock": "None", "changeInCashAndCashEquivalents": "218140000", "changeInExchangeRate": "None", "netIncome": "253146000"}, {"fiscalDateEnding": "2010-01-31", "reportedCurrency": "USD", "operatingCashflow": "487807000", "paymentsForOperatingActivities": "None", "proceedsFromOperatingActivities": "None", "changeInOperatingLiabilities": "None", "changeInOperatingAssets": "None", "depreciationDepletionAndAmortization": "196664000", "capitalExpenditures": "77601000", "changeInReceivables": "-56741000", "changeInInventory": "204656000", "profitLoss": "None", "cashflowFromInvestment": "-519333000", "cashflowFromFinancing": "61059000", "proceedsFromRepaymentsOfShortTermDebt": "None", "paymentsForRepurchaseOfCommonStock": "None", "paymentsForRepurchaseOfEquity": "None", "paymentsForRepurchaseOfPreferredStock": "None", "dividendPayout": "0", "dividendPayoutCommonStock": "0", "dividendPayoutPreferredStock": "None", "proceedsFromIssuanceOfCommonStock": "None", "proceedsFromIssuanceOfLongTermDebtAndCapitalSecuritiesNet": "None", "proceedsFromIssuanceOfPreferredStock": "None", "proceedsFromRepurchaseOfEquity": "138029000", "proceedsFromSaleOfTreasuryStock": "None", "changeInCashAndCashEquivalents": "29533000", "changeInExchangeRate": "None", "netIncome": "-67987000"}, {"fiscalDateEnding": "2009-01-31", "reportedCurrency": "USD", "operatingCashflow": "249360000", "paymentsForOperatingActivities": "None", "proceedsFromOperatingActivities": "None", "changeInOperatingLiabilities": "None", "changeInOperatingAssets": "None", "depreciationDepletionAndAmortization": "185023000", "capitalExpenditures": "407670000", "changeInReceivables": "None", "changeInInventory": "-177295000", "profitLoss": "None", "cashflowFromInvestment": "-209367000", "cashflowFromFinancing": "-349274000", "proceedsFromRepaymentsOfShortTermDebt": "None", "paymentsForRepurchaseOfCommonStock": "None", "paymentsForRepurchaseOfEquity": "None", "paymentsForRepurchaseOfPreferredStock": "None", "dividendPayout": "None", "dividendPayoutCommonStock": "None", "dividendPayoutPreferredStock": "None", "proceedsFromIssuanceOfCommonStock": "None", "proceedsFromIssuanceOfLongTermDebtAndCapitalSecuritiesNet": "None", "proceedsFromIssuanceOfPreferredStock": "None", "proceedsFromRepurchaseOfEquity": "-423636000", "proceedsFromSaleOfTreasuryStock": "None", "changeInCashAndCashEquivalents": "None", "changeInExchangeRate": "None", "netIncome": "-30041000"}, {"fiscalDateEnding": "2008-01-31", "reportedCurrency": "USD", "operatingCashflow": "1270196000", "paymentsForOperatingActivities": "None", "proceedsFromOperatingActivities": "None", "changeInOperatingLiabilities": "None", "changeInOperatingAssets": "None", "depreciationDepletionAndAmortization": "133192000", "capitalExpenditures": "187745000", "changeInReceivables": "None", "changeInInventory": "-3690000", "profitLoss": "None", "cashflowFromInvestment": "-761318000", "cashflowFromFinancing": "-326323000", "proceedsFromRepaymentsOfShortTermDebt": "None", "paymentsForRepurchaseOfCommonStock": "None", "paymentsForRepurchaseOfEquity": "None", "paymentsForRepurchaseOfPreferredStock": "None", "dividendPayout": "None", "dividendPayoutCommonStock": "None", "dividendPayoutPreferredStock": "None", "proceedsFromIssuanceOfCommonStock": "None", "proceedsFromIssuanceOfLongTermDebtAndCapitalSecuritiesNet": "None", "proceedsFromIssuanceOfPreferredStock": "None", "proceedsFromRepurchaseOfEquity": "-552512000", "proceedsFromSaleOfTreasuryStock": "None", "changeInCashAndCashEquivalents": "None", "changeInExchangeRate": "None", "netIncome": "797645000"}, {"fiscalDateEnding": "2007-01-31", "reportedCurrency": "USD", "operatingCashflow": "587111000", "paymentsForOperatingActivities": "None", "proceedsFromOperatingActivities": "None", "changeInOperatingLiabilities": "None", "changeInOperatingAssets": "None", "depreciationDepletionAndAmortization": "107562000", "capitalExpenditures": "145256000", "changeInReceivables": "None", "changeInInventory": "-91395000", "profitLoss": "None", "cashflowFromInvestment": "-540823000", "cashflowFromFinancing": "-53630000", "proceedsFromRepaymentsOfShortTermDebt": "None", "paymentsForRepurchaseOfCommonStock": "None", "paymentsForRepurchaseOfEquity": "None", "paymentsForRepurchaseOfPreferredStock": "None", "dividendPayout": "None", "dividendPayoutCommonStock": "None", "dividendPayoutPreferredStock": "None", "proceedsFromIssuanceOfCommonStock": "None", "proceedsFromIssuanceOfLongTermDebtAndCapitalSecuritiesNet": "None", "proceedsFromIssuanceOfPreferredStock": "None", "proceedsFromRepurchaseOfEquity": "-274978000", "proceedsFromSaleOfTreasuryStock": "None", "changeInCashAndCashEquivalents": "None", "changeInExchangeRate": "None", "netIncome": "448834000"}, {"fiscalDateEnding": "2006-01-31", "reportedCurrency": "USD", "operatingCashflow": "446408000", "paymentsForOperatingActivities": "None", "proceedsFromOperatingActivities": "None", "changeInOperatingLiabilities": "None", "changeInOperatingAssets": "None", "depreciationDepletionAndAmortization": "97977000", "capitalExpenditures": "79600000", "changeInReceivables": "None", "changeInInventory": "60726000", "profitLoss": "None", "cashflowFromInvestment": "None", "cashflowFromFinancing": "-61377000", "proceedsFromRepaymentsOfShortTermDebt": "None", "paymentsForRepurchaseOfCommonStock": "None", "paymentsForRepurchaseOfEquity": "None", "paymentsForRepurchaseOfPreferredStock": "None", "dividendPayout": "None", "dividendPayoutCommonStock": "None", "dividendPayoutPreferredStock": "None", "proceedsFromIssuanceOfCommonStock": "None", "proceedsFromIssuanceOfLongTermDebtAndCapitalSecuritiesNet": "None", "proceedsFromIssuanceOfPreferredStock": "None", "proceedsFromRepurchaseOfEquity": "-188509000", "proceedsFromSaleOfTreasuryStock": "None", "changeInCashAndCashEquivalents": "None", "changeInExchangeRate": "None", "netIncome": "302586000"}], "balance_sheet": [{"fiscalDateEnding": "2025-01-31", "reportedCurrency": "USD", "totalAssets": "111601000000", "totalCurrentAssets": "80126000000", "cashAndCashEquivalentsAtCarryingValue": "8589000000", "cashAndShortTermInvestments": "8589000000", "inventory": "10080000000", "currentNetReceivables": "23065000000", "totalNonCurrentAssets": "31475000000", "propertyPlantEquipment": "None", "accumulatedDepreciationAmortizationPPE": "None", "intangibleAssets": "807000000", "intangibleAssetsExcludingGoodwill": "807000000", "goodwill": "5188000000", "investments": "None", "longTermInvestments": "3387000000", "shortTermInvestments": "34621000000", "otherCurrentAssets": "3771000000", "otherNonCurrentAssets": "None", "totalLiabilities": "32274000000", "totalCurrentLiabilities": "18047000000", "currentAccountsPayable": "6310000000", "deferredRevenue": "None", "currentDebt": "None", "shortTermDebt": "288000000", "totalNonCurrentLiabilities": "14227000000", "capitalLeaseObligations": "1807000000", "longTermDebt": "8463000000", "currentLongTermDebt": "None", "longTermDebtNoncurrent": "None", "shortLongTermDebtTotal": "10270000000", "otherCurrentLiabilities": "10612000000", "otherNonCurrentLiabilities": "79000000", "totalShareholderEquity": "79327000000", "treasuryStock": "None", "retainedEarnings": "68038000000", "commonStock": "24000000", "commonStockSharesOutstanding": "24804000000"}, {"fiscalDateEnding": "2024-01-31", "reportedCurrency": "USD", "totalAssets": "65728000000", "totalCurrentAssets": "44345000000", "cashAndCashEquivalentsAtCarryingValue": "7280000000", "cashAndShortTermInvestments": "7280000000", "inventory": "5282000000", "currentNetReceivables": "9999000000", "totalNonCurrentAssets": "21383000000", "propertyPlantEquipment": "None", "accumulatedDepreciationAmortizationPPE": "None", "intangibleAssets": "1112000000", "intangibleAssetsExcludingGoodwill": "1112000000", "goodwill": "4430000000", "investments": "None", "longTermInvestments": "1546000000", "shortTermInvestments": "18704000000", "otherCurrentAssets": "3080000000", "otherNonCurrentAssets": "None", "totalLiabilities": "22750000000", "totalCurrentLiabilities": "10631000000", "currentAccountsPayable": "2699000000", "deferredRevenue": "None", "currentDebt": "None", "shortTermDebt": "1478000000", "totalNonCurrentLiabilities": "12119000000", "capitalLeaseObligations": "1347000000", "longTermDebt": "8459000000", "currentLongTermDebt": "1250000000", "longTermDebtNoncurrent": "None", "shortLongTermDebtTotal": "11056000000", "otherCurrentLiabilities": "5690000000", "otherNonCurrentLiabilities": "65000000", "totalShareholderEquity": "42978000000", "treasuryStock": "None", "retainedEarnings": "29817000000", "commonStock": "2000000", "commonStockSharesOutstanding": "24940000000"}, {"fiscalDateEnding": "2023-01-31", "reportedCurrency": "USD", "totalAssets": "41182000000", "totalCurrentAssets": "23073000000", "cashAndCashEquivalentsAtCarryingValue": "3389000000", "cashAndShortTermInvestments": "3389000000", "inventory": "5159000000", "currentNetReceivables": "3827000000", "totalNonCurrentAssets": "18109000000", "propertyPlantEquipment": "3807000000", "accumulatedDepreciationAmortizationPPE": "None", "intangibleAssets": "1676000000", "intangibleAssetsExcludingGoodwill": "1676000000", "goodwill": "4372000000", "investments": "None", "longTermInvestments": "299000000", "shortTermInvestments": "9907000000", "otherCurrentAssets": "791000000", "otherNonCurrentAssets": "None", "totalLiabilities": "19081000000", "totalCurrentLiabilities": "6563000000", "currentAccountsPayable": "1193000000", "deferredRevenue": "None", "currentDebt": "None", "shortTermDebt": "1250000000", "totalNonCurrentLiabilities": "12518000000", "capitalLeaseObligations": "902000000", "longTermDebt": "9703000000", "currentLongTermDebt": "1250000000", "longTermDebtNoncurrent": "None", "shortLongTermDebtTotal": "11855000000", "otherCurrentLiabilities": "3766000000", "otherNonCurrentLiabilities": "1913000000", "totalShareholderEquity": "22101000000", "treasuryStock": "None", "retainedEarnings": "10171000000", "commonStock": "2000000", "commonStockSharesOutstanding": "25070000000"}, {"fiscalDateEnding": "2022-01-31", "reportedCurrency": "USD", "totalAssets": "44187000000", "totalCurrentAssets": "28829000000", "cashAndCashEquivalentsAtCarryingValue": "1990000000", "cashAndShortTermInvestments": "1990000000", "inventory": "2605000000", "currentNetReceivables": "4650000000", "totalNonCurrentAssets": "15358000000", "propertyPlantEquipment": "3607000000", "accumulatedDepreciationAmortizationPPE": "None", "intangibleAssets": "2339000000", "intangibleAssetsExcludingGoodwill": "2339000000", "goodwill": "4349000000", "investments": "None", "longTermInvestments": "266000000", "shortTermInvestments": "19218000000", "otherCurrentAssets": "366000000", "otherNonCurrentAssets": "None", "totalLiabilities": "17575000000", "totalCurrentLiabilities": "4335000000", "currentAccountsPayable": "1783000000", "deferredRevenue": "None", "currentDebt": "None", "shortTermDebt": "144000000", "totalNonCurrentLiabilities": "13240000000", "capitalLeaseObligations": "741000000", "longTermDebt": "10946000000", "currentLongTermDebt": "None", "longTermDebtNoncurrent": "None", "shortLongTermDebtTotal": "11687000000", "otherCurrentLiabilities": "2108000000", "otherNonCurrentLiabilities": "1553000000", "totalShareholderEquity": "26612000000", "treasuryStock": "None", "retainedEarnings": "16235000000", "commonStock": "3000000", "commonStockSharesOutstanding": "25350000000"}, {"fiscalDateEnding": "2021-01-31", "reportedCurrency": "USD", "totalAssets": "28791000000", "totalCurrentAssets": "16055000000", "cashAndCashEquivalentsAtCarryingValue": "847000000", "cashAndShortTermInvestments": "847000000", "inventory": "1826000000", "currentNetReceivables": "2429000000", "totalNonCurrentAssets": "12736000000", "propertyPlantEquipment": "2149000000", "accumulatedDepreciationAmortizationPPE": "None", "intangibleAssets": "2737000000", "intangibleAssetsExcludingGoodwill": "2737000000", "goodwill": "4193000000", "investments": "None", "longTermInvestments": "144000000", "shortTermInvestments": "10714000000", "otherCurrentAssets": "239000000", "otherNonCurrentAssets": "None", "totalLiabilities": "11898000000", "totalCurrentLiabilities": "3925000000", "currentAccountsPayable": "1201000000", "deferredRevenue": "None", "currentDebt": "None", "shortTermDebt": "999000000", "totalNonCurrentLiabilities": "7973000000", "capitalLeaseObligations": "634000000", "longTermDebt": "5964000000", "currentLongTermDebt": "999000000", "longTermDebtNoncurrent": "None", "shortLongTermDebtTotal": "7597000000", "otherCurrentLiabilities": "1437000000", "otherNonCurrentLiabilities": "2009000000", "totalShareholderEquity": "16893000000", "treasuryStock": "-10756000000", "retainedEarnings": "18908000000", "commonStock": "1000000", "commonStockSharesOutstanding": "25120000000"}, {"fiscalDateEnding": "2020-01-31", "reportedCurrency": "USD", "totalAssets": "17315000000", "totalCurrentAssets": "13690000000", "cashAndCashEquivalentsAtCarryingValue": "10896000000", "cashAndShortTermInvestments": "10896000000", "inventory": "979000000", "currentNetReceivables": "1657000000", "totalNonCurrentAssets": "3625000000", "propertyPlantEquipment": "1674000000", "accumulatedDepreciationAmortizationPPE": "None", "intangibleAssets": "49000000", "intangibleAssetsExcludingGoodwill": "49000000", "goodwill": "618000000", "investments": "None", "longTermInvestments": "77000000", "shortTermInvestments": "1000000", "otherCurrentAssets": "157000000", "otherNonCurrentAssets": "None", "totalLiabilities": "5111000000", "totalCurrentLiabilities": "1784000000", "currentAccountsPayable": "687000000", "deferredRevenue": "None", "currentDebt": "None", "shortTermDebt": "91000000", "totalNonCurrentLiabilities": "3327000000", "capitalLeaseObligations": "652000000", "longTermDebt": "1991000000", "currentLongTermDebt": "None", "longTermDebtNoncurrent": "None", "shortLongTermDebtTotal": "2552000000", "otherCurrentLiabilities": "865000000", "otherNonCurrentLiabilities": "1336000000", "totalShareholderEquity": "12204000000", "treasuryStock": "-9814000000", "retainedEarnings": "14971000000", "commonStock": "1000000", "commonStockSharesOutstanding": "24720000000"}, {"fiscalDateEnding": "2019-01-31", "reportedCurrency": "USD", "totalAssets": "13292000000", "totalCurrentAssets": "10557000000", "cashAndCashEquivalentsAtCarryingValue": "782000000", "cashAndShortTermInvestments": "782000000", "inventory": "1575000000", "currentNetReceivables": "1424000000", "totalNonCurrentAssets": "2735000000", "propertyPlantEquipment": "1404000000", "accumulatedDepreciationAmortizationPPE": "None", "intangibleAssets": "45000000", "intangibleAssetsExcludingGoodwill": "45000000", "goodwill": "618000000", "investments": "None", "longTermInvestments": "None", "shortTermInvestments": "6640000000", "otherCurrentAssets": "136000000", "otherNonCurrentAssets": "None", "totalLiabilities": "3950000000", "totalCurrentLiabilities": "1329000000", "currentAccountsPayable": "511000000", "deferredRevenue": "None", "currentDebt": "None", "shortTermDebt": "91000000", "totalNonCurrentLiabilities": "2621000000", "capitalLeaseObligations": "None", "longTermDebt": "1988000000", "currentLongTermDebt": "None", "longTermDebtNoncurrent": "None", "shortLongTermDebtTotal": "2079000000", "otherCurrentLiabilities": "635000000", "otherNonCurrentLiabilities": "14000000", "totalShareholderEquity": "9342000000", "treasuryStock": "-9263000000", "retainedEarnings": "12565000000", "commonStock": "1000000", "commonStockSharesOutstanding": "25000000000"}, {"fiscalDateEnding": "2018-01-31", "reportedCurrency": "USD", "totalAssets": "11241000000", "totalCurrentAssets": "9255000000", "cashAndCashEquivalentsAtCarryingValue": "4002000000", "cashAndShortTermInvestments": "4002000000", "inventory": "796000000", "currentNetReceivables": "1265000000", "totalNonCurrentAssets": "1986000000", "propertyPlantEquipment": "997000000", "accumulatedDepreciationAmortizationPPE": "None", "intangibleAssets": "52000000", "intangibleAssetsExcludingGoodwill": "52000000", "goodwill": "618000000", "investments": "None", "longTermInvestments": "None", "shortTermInvestments": "3106000000", "otherCurrentAssets": "86000000", "otherNonCurrentAssets": "None", "totalLiabilities": "3770000000", "totalCurrentLiabilities": "1153000000", "currentAccountsPayable": "596000000", "deferredRevenue": "None", "currentDebt": "None", "shortTermDebt": "15000000", "totalNonCurrentLiabilities": "2617000000", "capitalLeaseObligations": "None", "longTermDebt": "1985000000", "currentLongTermDebt": "15000000", "longTermDebtNoncurrent": "None", "shortLongTermDebtTotal": "2000000000", "otherCurrentLiabilities": "489000000", "otherNonCurrentLiabilities": "2000000", "totalShareholderEquity": "7471000000", "treasuryStock": "-6650000000", "retainedEarnings": "8787000000", "commonStock": "1000000", "commonStockSharesOutstanding": "25280000000"}, {"fiscalDateEnding": "2017-01-31", "reportedCurrency": "USD", "totalAssets": "9841000000", "totalCurrentAssets": "8536000000", "cashAndCashEquivalentsAtCarryingValue": "1766000000", "cashAndShortTermInvestments": "1766000000", "inventory": "794000000", "currentNetReceivables": "826000000", "totalNonCurrentAssets": "1305000000", "propertyPlantEquipment": "521000000", "accumulatedDepreciationAmortizationPPE": "None", "intangibleAssets": "104000000", "intangibleAssetsExcludingGoodwill": "104000000", "goodwill": "618000000", "investments": "None", "longTermInvestments": "None", "shortTermInvestments": "5032000000", "otherCurrentAssets": "118000000", "otherNonCurrentAssets": "None", "totalLiabilities": "4079000000", "totalCurrentLiabilities": "1819000000", "currentAccountsPayable": "485000000", "deferredRevenue": "None", "currentDebt": "None", "shortTermDebt": "827000000", "totalNonCurrentLiabilities": "2260000000", "capitalLeaseObligations": "6000000", "longTermDebt": "1983000000", "currentLongTermDebt": "827000000", "longTermDebtNoncurrent": "None", "shortLongTermDebtTotal": "2816000000", "otherCurrentLiabilities": "422000000", "otherNonCurrentLiabilities": "20000000", "totalShareholderEquity": "5762000000", "treasuryStock": "-5039000000", "retainedEarnings": "6108000000", "commonStock": "1000000", "commonStockSharesOutstanding": "25960000000"}, {"fiscalDateEnding": "2016-01-31", "reportedCurrency": "USD", "totalAssets": "7370000000", "totalCurrentAssets": "6053000000", "cashAndCashEquivalentsAtCarryingValue": "596000000", "cashAndShortTermInvestments": "596000000", "inventory": "418000000", "currentNetReceivables": "505000000", "totalNonCurrentAssets": "1317000000", "propertyPlantEquipment": "466000000", "accumulatedDepreciationAmortizationPPE": "None", "intangibleAssets": "166000000", "intangibleAssetsExcludingGoodwill": "166000000", "goodwill": "618000000", "investments": "None", "longTermInvestments": "None", "shortTermInvestments": "4441000000", "otherCurrentAssets": "93000000", "otherNonCurrentAssets": "None", "totalLiabilities": "2901000000", "totalCurrentLiabilities": "2438000000", "currentAccountsPayable": "296000000", "deferredRevenue": "None", "currentDebt": "None", "shortTermDebt": "1500000000", "totalNonCurrentLiabilities": "463000000", "capitalLeaseObligations": "10000000", "longTermDebt": "87000000", "currentLongTermDebt": "1413000000", "longTermDebtNoncurrent": "None", "shortLongTermDebtTotal": "1510000000", "otherCurrentLiabilities": "320000000", "otherNonCurrentLiabilities": "453000000", "totalShareholderEquity": "4469000000", "treasuryStock": "-4048000000", "retainedEarnings": "4350000000", "commonStock": "1000000", "commonStockSharesOutstanding": "22760000000"}, {"fiscalDateEnding": "2015-01-31", "reportedCurrency": "USD", "totalAssets": "7201368000", "totalCurrentAssets": "5713297000", "cashAndCashEquivalentsAtCarryingValue": "496654000", "cashAndShortTermInvestments": "496654000", "inventory": "482893000", "currentNetReceivables": "473637000", "totalNonCurrentAssets": "1488071000", "propertyPlantEquipment": "557282000", "accumulatedDepreciationAmortizationPPE": "None", "intangibleAssets": "221714000", "intangibleAssetsExcludingGoodwill": "221714000", "goodwill": "618179000", "investments": "None", "longTermInvestments": "None", "shortTermInvestments": "4126685000", "otherCurrentAssets": "70174000", "otherNonCurrentAssets": "None", "totalLiabilities": "2783386000", "totalCurrentLiabilities": "896030000", "currentAccountsPayable": "293223000", "deferredRevenue": "None", "currentDebt": "None", "shortTermDebt": "142073000", "totalNonCurrentLiabilities": "1887356000", "capitalLeaseObligations": "14086000", "longTermDebt": "1398428000", "currentLongTermDebt": "1398000000", "longTermDebtNoncurrent": "None", "shortLongTermDebtTotal": "1540501000", "otherCurrentLiabilities": "167999000", "otherNonCurrentLiabilities": "488928000", "totalShareholderEquity": "4417982000", "treasuryStock": "-3394585000", "retainedEarnings": "3948877000", "commonStock": "754000", "commonStockSharesOutstanding": "22522720000"}, {"fiscalDateEnding": "2014-01-31", "reportedCurrency": "USD", "totalAssets": "7250894000", "totalCurrentAssets": "5624711000", "cashAndCashEquivalentsAtCarryingValue": "1151587000", "cashAndShortTermInvestments": "1151587000", "inventory": "387765000", "currentNetReceivables": "426357000", "totalNonCurrentAssets": "1626183000", "propertyPlantEquipment": "582740000", "accumulatedDepreciationAmortizationPPE": "None", "intangibleAssets": "296012000", "intangibleAssetsExcludingGoodwill": "296012000", "goodwill": "643179000", "investments": "None", "longTermInvestments": "None", "shortTermInvestments": "3520223000", "otherCurrentAssets": "70285000", "otherNonCurrentAssets": "None", "totalLiabilities": "2794496000", "totalCurrentLiabilities": "945496000", "currentAccountsPayable": "324391000", "deferredRevenue": "None", "currentDebt": "None", "shortTermDebt": "308110000", "totalNonCurrentLiabilities": "1849000000", "capitalLeaseObligations": "17500000", "longTermDebt": "1356375000", "currentLongTermDebt": "None", "longTermDebtNoncurrent": "None", "shortLongTermDebtTotal": "1681985000", "otherCurrentLiabilities": "30590000", "otherNonCurrentLiabilities": "475125000", "totalShareholderEquity": "4456398000", "treasuryStock": "-2537295000", "retainedEarnings": "3504742000", "commonStock": "732000", "commonStockSharesOutstanding": "23780680000"}, {"fiscalDateEnding": "2013-01-31", "reportedCurrency": "USD", "totalAssets": "6412245000", "totalCurrentAssets": "4775258000", "cashAndCashEquivalentsAtCarryingValue": "732786000", "cashAndShortTermInvestments": "732786000", "inventory": "419686000", "currentNetReceivables": "454252000", "totalNonCurrentAssets": "1636987000", "propertyPlantEquipment": "576144000", "accumulatedDepreciationAmortizationPPE": "None", "intangibleAssets": "312332000", "intangibleAssetsExcludingGoodwill": "312332000", "goodwill": "641030000", "investments": "None", "longTermInvestments": "None", "shortTermInvestments": "2995097000", "otherCurrentAssets": "35265000", "otherNonCurrentAssets": "None", "totalLiabilities": "1584542000", "totalCurrentLiabilities": "976223000", "currentAccountsPayable": "356428000", "deferredRevenue": "None", "currentDebt": "None", "shortTermDebt": "311030000", "totalNonCurrentLiabilities": "608319000", "capitalLeaseObligations": "18998000", "longTermDebt": "18998000", "currentLongTermDebt": "None", "longTermDebtNoncurrent": "None", "shortLongTermDebtTotal": "330028000", "otherCurrentLiabilities": "35160000", "otherNonCurrentLiabilities": "589321000", "totalShareholderEquity": "4827703000", "treasuryStock": "-1622709000", "retainedEarnings": "3246088000", "commonStock": "720000", "commonStockSharesOutstanding": "24998280000"}, {"fiscalDateEnding": "2012-01-31", "reportedCurrency": "USD", "totalAssets": "5552928000", "totalCurrentAssets": "3905358000", "cashAndCashEquivalentsAtCarryingValue": "667876000", "cashAndShortTermInvestments": "667876000", "inventory": "340297000", "currentNetReceivables": "336143000", "totalNonCurrentAssets": "1647570000", "propertyPlantEquipment": "560072000", "accumulatedDepreciationAmortizationPPE": "None", "intangibleAssets": "326136000", "intangibleAssetsExcludingGoodwill": "326136000", "goodwill": "641030000", "investments": "None", "longTermInvestments": "None", "shortTermInvestments": "2461700000", "otherCurrentAssets": "19465000", "otherNonCurrentAssets": "None", "totalLiabilities": "1407204000", "totalCurrentLiabilities": "929958000", "currentAccountsPayable": "335072000", "deferredRevenue": "None", "currentDebt": "None", "shortTermDebt": "288798000", "totalNonCurrentLiabilities": "477246000", "capitalLeaseObligations": "21439000", "longTermDebt": "21439000", "currentLongTermDebt": "None", "longTermDebtNoncurrent": "None", "shortLongTermDebtTotal": "310237000", "otherCurrentLiabilities": "35439000", "otherNonCurrentLiabilities": "455807000", "totalShareholderEquity": "4145724000", "treasuryStock": "-1496904000", "retainedEarnings": "2730418000", "commonStock": "700000", "commonStockSharesOutstanding": "24654840000"}, {"fiscalDateEnding": "2011-01-31", "reportedCurrency": "USD", "totalAssets": "4495246000", "totalCurrentAssets": "3226950000", "cashAndCashEquivalentsAtCarryingValue": "665361000", "cashAndShortTermInvestments": "665361000", "inventory": "345525000", "currentNetReceivables": "348770000", "totalNonCurrentAssets": "1268296000", "propertyPlantEquipment": "568857000", "accumulatedDepreciationAmortizationPPE": "None", "intangibleAssets": "243171000", "intangibleAssetsExcludingGoodwill": "243171000", "goodwill": "369844000", "investments": "None", "longTermInvestments": "None", "shortTermInvestments": "1825202000", "otherCurrentAssets": "2490563000", "otherNonCurrentAssets": "None", "totalLiabilities": "1313784000", "totalCurrentLiabilities": "942682000", "currentAccountsPayable": "286138000", "deferredRevenue": "None", "currentDebt": "None", "shortTermDebt": "336380000", "totalNonCurrentLiabilities": "371102000", "capitalLeaseObligations": "23389000", "longTermDebt": "23389000", "currentLongTermDebt": "None", "longTermDebtNoncurrent": "None", "shortLongTermDebtTotal": "359769000", "otherCurrentLiabilities": "71300000", "otherNonCurrentLiabilities": "347713000", "totalShareholderEquity": "3181462000", "treasuryStock": "-1479392000", "retainedEarnings": "2149328000", "commonStock": "677000", "commonStockSharesOutstanding": "23547360000"}, {"fiscalDateEnding": "2010-01-31", "reportedCurrency": "USD", "totalAssets": "3585918000", "totalCurrentAssets": "2480830000", "cashAndCashEquivalentsAtCarryingValue": "447221000", "cashAndShortTermInvestments": "447221000", "inventory": "330674000", "currentNetReceivables": "374963000", "totalNonCurrentAssets": "1105088000", "propertyPlantEquipment": "571858000", "accumulatedDepreciationAmortizationPPE": "None", "intangibleAssets": "120458000", "intangibleAssetsExcludingGoodwill": "120458000", "goodwill": "369844000", "investments": "None", "longTermInvestments": "None", "shortTermInvestments": "1281006000", "otherCurrentAssets": "1728227000", "otherNonCurrentAssets": "None", "totalLiabilities": "920778000", "totalCurrentLiabilities": "784378000", "currentAccountsPayable": "344527000", "deferredRevenue": "None", "currentDebt": "None", "shortTermDebt": "390277000", "totalNonCurrentLiabilities": "136400000", "capitalLeaseObligations": "24450000", "longTermDebt": "24450000", "currentLongTermDebt": "None", "longTermDebtNoncurrent": "None", "shortLongTermDebtTotal": "414727000", "otherCurrentLiabilities": "29950000", "otherNonCurrentLiabilities": "111950000", "totalShareholderEquity": "2665140000", "treasuryStock": "-1463268000", "retainedEarnings": "1896182000", "commonStock": "653000", "commonStockSharesOutstanding": "21982960000"}, {"fiscalDateEnding": "2009-01-31", "reportedCurrency": "USD", "totalAssets": "3350727000", "totalCurrentAssets": "2167958000", "cashAndCashEquivalentsAtCarryingValue": "417688000", "cashAndShortTermInvestments": "417688000", "inventory": "537834000", "currentNetReceivables": "318435000", "totalNonCurrentAssets": "1182769000", "propertyPlantEquipment": "625798000", "accumulatedDepreciationAmortizationPPE": "None", "intangibleAssets": "147101000", "intangibleAssetsExcludingGoodwill": "147101000", "goodwill": "369844000", "investments": "None", "longTermInvestments": "None", "shortTermInvestments": "837702000", "otherCurrentAssets": "56299000", "otherNonCurrentAssets": "None", "totalLiabilities": "956075000", "totalCurrentLiabilities": "778591000", "currentAccountsPayable": "218864000", "deferredRevenue": "None", "currentDebt": "None", "shortTermDebt": "None", "totalNonCurrentLiabilities": "177484000", "capitalLeaseObligations": "None", "longTermDebt": "25634000", "currentLongTermDebt": "None", "longTermDebtNoncurrent": "None", "shortLongTermDebtTotal": "25634000", "otherCurrentLiabilities": "559727000", "otherNonCurrentLiabilities": "None", "totalShareholderEquity": "2394652000", "treasuryStock": "-1463268000", "retainedEarnings": "1964169000", "commonStock": "629000", "commonStockSharesOutstanding": "21925040000"}, {"fiscalDateEnding": "2008-01-31", "reportedCurrency": "USD", "totalAssets": "3747671000", "totalCurrentAssets": "2888829000", "cashAndCashEquivalentsAtCarryingValue": "726969000", "cashAndShortTermInvestments": "726969000", "inventory": "358521000", "currentNetReceivables": "666494000", "totalNonCurrentAssets": "858842000", "propertyPlantEquipment": "359808000", "accumulatedDepreciationAmortizationPPE": "None", "intangibleAssets": "106926000", "intangibleAssetsExcludingGoodwill": "106926000", "goodwill": "354057000", "investments": "None", "longTermInvestments": "None", "shortTermInvestments": "1082509000", "otherCurrentAssets": "54336000", "otherNonCurrentAssets": "None", "totalLiabilities": "1129759000", "totalCurrentLiabilities": "967161000", "currentAccountsPayable": "492099000", "deferredRevenue": "None", "currentDebt": "None", "shortTermDebt": "None", "totalNonCurrentLiabilities": "162598000", "capitalLeaseObligations": "None", "longTermDebt": "None", "currentLongTermDebt": "None", "longTermDebtNoncurrent": "None", "shortLongTermDebtTotal": "None", "otherCurrentLiabilities": "469206000", "otherNonCurrentLiabilities": "None", "totalShareholderEquity": "2617912000", "treasuryStock": "-1039632000", "retainedEarnings": "1994210000", "commonStock": "619000", "commonStockSharesOutstanding": "24269280000"}, {"fiscalDateEnding": "2007-01-31", "reportedCurrency": "USD", "totalAssets": "2675263000", "totalCurrentAssets": "2031770000", "cashAndCashEquivalentsAtCarryingValue": "544414000", "cashAndShortTermInvestments": "544414000", "inventory": "354680000", "currentNetReceivables": "518680000", "totalNonCurrentAssets": "643493000", "propertyPlantEquipment": "260828000", "accumulatedDepreciationAmortizationPPE": "None", "intangibleAssets": "45511000", "intangibleAssetsExcludingGoodwill": "45511000", "goodwill": "301425000", "investments": "None", "longTermInvestments": "None", "shortTermInvestments": "573436000", "otherCurrentAssets": "40560000", "otherNonCurrentAssets": "None", "totalLiabilities": "668344000", "totalCurrentLiabilities": "638807000", "currentAccountsPayable": "272075000", "deferredRevenue": "None", "currentDebt": "None", "shortTermDebt": "None", "totalNonCurrentLiabilities": "29537000", "capitalLeaseObligations": "None", "longTermDebt": "None", "currentLongTermDebt": "None", "longTermDebtNoncurrent": "None", "shortLongTermDebtTotal": "None", "otherCurrentLiabilities": "365552000", "otherNonCurrentLiabilities": "None", "totalShareholderEquity": "2006919000", "treasuryStock": "-487120000", "retainedEarnings": "1196565000", "commonStock": "388000", "commonStockSharesOutstanding": "23478500760"}, {"fiscalDateEnding": "2006-01-31", "reportedCurrency": "USD", "totalAssets": "1915299000", "totalCurrentAssets": "1548932000", "cashAndCashEquivalentsAtCarryingValue": "551756000", "cashAndShortTermInvestments": "551756000", "inventory": "254792000", "currentNetReceivables": "318186000", "totalNonCurrentAssets": "366367000", "propertyPlantEquipment": "178152000", "accumulatedDepreciationAmortizationPPE": "None", "intangibleAssets": "160738000", "intangibleAssetsExcludingGoodwill": "160738000", "goodwill": "145317000", "investments": "None", "longTermInvestments": "None", "shortTermInvestments": "398418000", "otherCurrentAssets": "25780000", "otherNonCurrentAssets": "None", "totalLiabilities": "457543000", "totalCurrentLiabilities": "438659000", "currentAccountsPayable": "179395000", "deferredRevenue": "None", "currentDebt": "None", "shortTermDebt": "None", "totalNonCurrentLiabilities": "18884000", "capitalLeaseObligations": "None", "longTermDebt": "None", "currentLongTermDebt": "None", "longTermDebtNoncurrent": "None", "shortLongTermDebtTotal": "None", "otherCurrentLiabilities": "259264000", "otherNonCurrentLiabilities": "None", "totalShareholderEquity": "1457756000", "treasuryStock": "-212142000", "retainedEarnings": "875100000", "commonStock": "180000", "commonStockSharesOutstanding": "21931274360"}], "income_stmt": [{"fiscalDateEnding": "2025-01-31", "reportedCurrency": "USD", "grossProfit": "97858000000", "totalRevenue": "130497000000", "costOfRevenue": "32639000000", "costofGoodsAndServicesSold": "32639000000", "operatingIncome": "81453000000", "sellingGeneralAndAdministrative": "3491000000", "researchAndDevelopment": "12914000000", "operatingExpenses": "16405000000", "investmentIncomeNet": "None", "netInterestIncome": "1539000000", "interestIncome": "1786000000", "interestExpense": "247000000", "nonInterestIncome": "None", "otherNonOperatingIncome": "None", "depreciation": "None", "depreciationAndAmortization": "1864000000", "incomeBeforeTax": "84026000000", "incomeTaxExpense": "11146000000", "interestAndDebtExpense": "None", "netIncomeFromContinuingOperations": "72880000000", "comprehensiveIncomeNetOfTax": "None", "ebit": "84273000000", "ebitda": "86137000000", "netIncome": "72880000000"}, {"fiscalDateEnding": "2024-01-31", "reportedCurrency": "USD", "grossProfit": "44301000000", "totalRevenue": "60922000000", "costOfRevenue": "16621000000", "costofGoodsAndServicesSold": "16621000000", "operatingIncome": "32972000000", "sellingGeneralAndAdministrative": "2654000000", "researchAndDevelopment": "8675000000", "operatingExpenses": "11329000000", "investmentIncomeNet": "None", "netInterestIncome": "609000000", "interestIncome": "866000000", "interestExpense": "257000000", "nonInterestIncome": "None", "otherNonOperatingIncome": "None", "depreciation": "None", "depreciationAndAmortization": "1508000000", "incomeBeforeTax": "33818000000", "incomeTaxExpense": "4058000000", "interestAndDebtExpense": "None", "netIncomeFromContinuingOperations": "29760000000", "comprehensiveIncomeNetOfTax": "None", "ebit": "34075000000", "ebitda": "35583000000", "netIncome": "29760000000"}, {"fiscalDateEnding": "2023-01-31", "reportedCurrency": "USD", "grossProfit": "15356000000", "totalRevenue": "26974000000", "costOfRevenue": "11618000000", "costofGoodsAndServicesSold": "11618000000", "operatingIncome": "4224000000", "sellingGeneralAndAdministrative": "2440000000", "researchAndDevelopment": "7339000000", "operatingExpenses": "11132000000", "investmentIncomeNet": "None", "netInterestIncome": "5000000", "interestIncome": "267000000", "interestExpense": "262000000", "nonInterestIncome": "None", "otherNonOperatingIncome": "219000000", "depreciation": "None", "depreciationAndAmortization": "1544000000", "incomeBeforeTax": "4181000000", "incomeTaxExpense": "-187000000", "interestAndDebtExpense": "None", "netIncomeFromContinuingOperations": "4368000000", "comprehensiveIncomeNetOfTax": "None", "ebit": "4443000000", "ebitda": "5987000000", "netIncome": "4368000000"}, {"fiscalDateEnding": "2022-01-31", "reportedCurrency": "USD", "grossProfit": "17475000000", "totalRevenue": "26914000000", "costOfRevenue": "9439000000", "costofGoodsAndServicesSold": "9439000000", "operatingIncome": "10041000000", "sellingGeneralAndAdministrative": "2166000000", "researchAndDevelopment": "5268000000", "operatingExpenses": "7434000000", "investmentIncomeNet": "None", "netInterestIncome": "-207000000", "interestIncome": "29000000", "interestExpense": "236000000", "nonInterestIncome": "None", "otherNonOperatingIncome": "136000000", "depreciation": "None", "depreciationAndAmortization": "1174000000", "incomeBeforeTax": "9941000000", "incomeTaxExpense": "189000000", "interestAndDebtExpense": "None", "netIncomeFromContinuingOperations": "9752000000", "comprehensiveIncomeNetOfTax": "None", "ebit": "10177000000", "ebitda": "11351000000", "netIncome": "9752000000"}, {"fiscalDateEnding": "2021-01-31", "reportedCurrency": "USD", "grossProfit": "10396000000", "totalRevenue": "16675000000", "costOfRevenue": "6279000000", "costofGoodsAndServicesSold": "6279000000", "operatingIncome": "4532000000", "sellingGeneralAndAdministrative": "1940000000", "researchAndDevelopment": "3924000000", "operatingExpenses": "5864000000", "investmentIncomeNet": "None", "netInterestIncome": "-127000000", "interestIncome": "57000000", "interestExpense": "184000000", "nonInterestIncome": "None", "otherNonOperatingIncome": "61000000", "depreciation": "None", "depreciationAndAmortization": "1098000000", "incomeBeforeTax": "4409000000", "incomeTaxExpense": "77000000", "interestAndDebtExpense": "None", "netIncomeFromContinuingOperations": "4332000000", "comprehensiveIncomeNetOfTax": "None", "ebit": "4593000000", "ebitda": "5691000000", "netIncome": "4332000000"}, {"fiscalDateEnding": "2020-01-31", "reportedCurrency": "USD", "grossProfit": "6768000000", "totalRevenue": "10918000000", "costOfRevenue": "4150000000", "costofGoodsAndServicesSold": "4150000000", "operatingIncome": "2846000000", "sellingGeneralAndAdministrative": "1093000000", "researchAndDevelopment": "2829000000", "operatingExpenses": "3922000000", "investmentIncomeNet": "None", "netInterestIncome": "126000000", "interestIncome": "178000000", "interestExpense": "52000000", "nonInterestIncome": "None", "otherNonOperatingIncome": "176000000", "depreciation": "None", "depreciationAndAmortization": "381000000", "incomeBeforeTax": "2970000000", "incomeTaxExpense": "174000000", "interestAndDebtExpense": "None", "netIncomeFromContinuingOperations": "2796000000", "comprehensiveIncomeNetOfTax": "None", "ebit": "3022000000", "ebitda": "3403000000", "netIncome": "2796000000"}, {"fiscalDateEnding": "2019-01-31", "reportedCurrency": "USD", "grossProfit": "7171000000", "totalRevenue": "11716000000", "costOfRevenue": "4545000000", "costofGoodsAndServicesSold": "4545000000", "operatingIncome": "3804000000", "sellingGeneralAndAdministrative": "991000000", "researchAndDevelopment": "2376000000", "operatingExpenses": "3367000000", "investmentIncomeNet": "None", "netInterestIncome": "78000000", "interestIncome": "136000000", "interestExpense": "58000000", "nonInterestIncome": "None", "otherNonOperatingIncome": "150000000", "depreciation": "None", "depreciationAndAmortization": "262000000", "incomeBeforeTax": "3896000000", "incomeTaxExpense": "-245000000", "interestAndDebtExpense": "None", "netIncomeFromContinuingOperations": "4141000000", "comprehensiveIncomeNetOfTax": "None", "ebit": "3954000000", "ebitda": "4216000000", "netIncome": "4141000000"}, {"fiscalDateEnding": "2018-01-31", "reportedCurrency": "USD", "grossProfit": "5822000000", "totalRevenue": "9714000000", "costOfRevenue": "3892000000", "costofGoodsAndServicesSold": "3892000000", "operatingIncome": "3210000000", "sellingGeneralAndAdministrative": "815000000", "researchAndDevelopment": "1797000000", "operatingExpenses": "2612000000", "investmentIncomeNet": "None", "netInterestIncome": "8000000", "interestIncome": "69000000", "interestExpense": "61000000", "nonInterestIncome": "None", "otherNonOperatingIncome": "47000000", "depreciation": "None", "depreciationAndAmortization": "199000000", "incomeBeforeTax": "3196000000", "incomeTaxExpense": "149000000", "interestAndDebtExpense": "None", "netIncomeFromContinuingOperations": "3047000000", "comprehensiveIncomeNetOfTax": "None", "ebit": "3257000000", "ebitda": "3456000000", "netIncome": "3047000000"}, {"fiscalDateEnding": "2017-01-31", "reportedCurrency": "USD", "grossProfit": "4063000000", "totalRevenue": "6910000000", "costOfRevenue": "2847000000", "costofGoodsAndServicesSold": "2847000000", "operatingIncome": "1934000000", "sellingGeneralAndAdministrative": "663000000", "researchAndDevelopment": "1463000000", "operatingExpenses": "2129000000", "investmentIncomeNet": "None", "netInterestIncome": "-4000000", "interestIncome": "54000000", "interestExpense": "58000000", "nonInterestIncome": "None", "otherNonOperatingIncome": "29000000", "depreciation": "None", "depreciationAndAmortization": "187000000", "incomeBeforeTax": "1905000000", "incomeTaxExpense": "239000000", "interestAndDebtExpense": "None", "netIncomeFromContinuingOperations": "1666000000", "comprehensiveIncomeNetOfTax": "None", "ebit": "1963000000", "ebitda": "2150000000", "netIncome": "1666000000"}, {"fiscalDateEnding": "2016-01-31", "reportedCurrency": "USD", "grossProfit": "2811000000", "totalRevenue": "5010000000", "costOfRevenue": "2199000000", "costofGoodsAndServicesSold": "2199000000", "operatingIncome": "747000000", "sellingGeneralAndAdministrative": "602000000", "researchAndDevelopment": "1331000000", "operatingExpenses": "2064000000", "investmentIncomeNet": "None", "netInterestIncome": "None", "interestIncome": "8000000", "interestExpense": "47000000", "nonInterestIncome": "None", "otherNonOperatingIncome": "43000000", "depreciation": "None", "depreciationAndAmortization": "197000000", "incomeBeforeTax": "743000000", "incomeTaxExpense": "129000000", "interestAndDebtExpense": "None", "netIncomeFromContinuingOperations": "614000000", "comprehensiveIncomeNetOfTax": "None", "ebit": "790000000", "ebitda": "987000000", "netIncome": "614000000"}, {"fiscalDateEnding": "2015-01-31", "reportedCurrency": "USD", "grossProfit": "2599000000", "totalRevenue": "4682000000", "costOfRevenue": "2083000000", "costofGoodsAndServicesSold": "2083000000", "operatingIncome": "759000000", "sellingGeneralAndAdministrative": "459763000", "researchAndDevelopment": "1360000000", "operatingExpenses": "1840000000", "investmentIncomeNet": "None", "netInterestIncome": "None", "interestIncome": "None", "interestExpense": "46000000", "nonInterestIncome": "None", "otherNonOperatingIncome": "41980000", "depreciation": "None", "depreciationAndAmortization": "220000000", "incomeBeforeTax": "755000000", "incomeTaxExpense": "124000000", "interestAndDebtExpense": "None", "netIncomeFromContinuingOperations": "631000000", "comprehensiveIncomeNetOfTax": "None", "ebit": "801000000", "ebitda": "1021000000", "netIncome": "631000000"}, {"fiscalDateEnding": "2014-01-31", "reportedCurrency": "USD", "grossProfit": "2268000000", "totalRevenue": "4130000000", "costOfRevenue": "1862000000", "costofGoodsAndServicesSold": "1862000000", "operatingIncome": "496000000", "sellingGeneralAndAdministrative": "422702000", "researchAndDevelopment": "1336000000", "operatingExpenses": "1772000000", "investmentIncomeNet": "None", "netInterestIncome": "None", "interestIncome": "None", "interestExpense": "10000000", "nonInterestIncome": "None", "otherNonOperatingIncome": "24470000", "depreciation": "None", "depreciationAndAmortization": "239000000", "incomeBeforeTax": "510000000", "incomeTaxExpense": "70000000", "interestAndDebtExpense": "None", "netIncomeFromContinuingOperations": "439990000", "comprehensiveIncomeNetOfTax": "None", "ebit": "520000000", "ebitda": "759000000", "netIncome": "440000000"}, {"fiscalDateEnding": "2013-01-31", "reportedCurrency": "USD", "grossProfit": "2226343000", "totalRevenue": "4280159000", "costOfRevenue": "2053816000", "costofGoodsAndServicesSold": "2053816000", "operatingIncome": "648239000", "sellingGeneralAndAdministrative": "431000000", "researchAndDevelopment": "1147282000", "operatingExpenses": "1578104000", "investmentIncomeNet": "None", "netInterestIncome": "None", "interestIncome": "None", "interestExpense": "3294000", "nonInterestIncome": "None", "otherNonOperatingIncome": "17094000", "depreciation": "None", "depreciationAndAmortization": "226235000", "incomeBeforeTax": "662039000", "incomeTaxExpense": "99503000", "interestAndDebtExpense": "None", "netIncomeFromContinuingOperations": "562536000", "comprehensiveIncomeNetOfTax": "None", "ebit": "648239000", "ebitda": "874474000", "netIncome": "562536000"}, {"fiscalDateEnding": "2012-01-31", "reportedCurrency": "USD", "grossProfit": "2056517000", "totalRevenue": "3997930000", "costOfRevenue": "1941413000", "costofGoodsAndServicesSold": "1941413000", "operatingIncome": "648299000", "sellingGeneralAndAdministrative": "406000000", "researchAndDevelopment": "1002605000", "operatingExpenses": "1408218000", "investmentIncomeNet": "None", "netInterestIncome": "None", "interestIncome": "None", "interestExpense": "3089000", "nonInterestIncome": "None", "otherNonOperatingIncome": "18186000", "depreciation": "None", "depreciationAndAmortization": "204205000", "incomeBeforeTax": "663396000", "incomeTaxExpense": "82306000", "interestAndDebtExpense": "None", "netIncomeFromContinuingOperations": "581090000", "comprehensiveIncomeNetOfTax": "None", "ebit": "648299000", "ebitda": "852504000", "netIncome": "581090000"}, {"fiscalDateEnding": "2011-01-31", "reportedCurrency": "USD", "grossProfit": "1409090000", "totalRevenue": "3543309000", "costOfRevenue": "2134219000", "costofGoodsAndServicesSold": "2134219000", "operatingIncome": "255747000", "sellingGeneralAndAdministrative": "362000000", "researchAndDevelopment": "848830000", "operatingExpenses": "1153343000", "investmentIncomeNet": "None", "netInterestIncome": "None", "interestIncome": "None", "interestExpense": "3127000", "nonInterestIncome": "None", "otherNonOperatingIncome": "18549000", "depreciation": "None", "depreciationAndAmortization": "186989000", "incomeBeforeTax": "271169000", "incomeTaxExpense": "18023000", "interestAndDebtExpense": "None", "netIncomeFromContinuingOperations": "253146000", "comprehensiveIncomeNetOfTax": "None", "ebit": "255747000", "ebitda": "442736000", "netIncome": "253146000"}, {"fiscalDateEnding": "2010-01-31", "reportedCurrency": "USD", "grossProfit": "1176923000", "totalRevenue": "3326445000", "costOfRevenue": "2149522000", "costofGoodsAndServicesSold": "2149522000", "operatingIncome": "-98945000", "sellingGeneralAndAdministrative": "367017000", "researchAndDevelopment": "908851000", "operatingExpenses": "1275868000", "investmentIncomeNet": "None", "netInterestIncome": "None", "interestIncome": "None", "interestExpense": "3320000", "nonInterestIncome": "None", "otherNonOperatingIncome": "19971000", "depreciation": "None", "depreciationAndAmortization": "196664000", "incomeBeforeTax": "-82294000", "incomeTaxExpense": "-14307000", "interestAndDebtExpense": "None", "netIncomeFromContinuingOperations": "-67987000", "comprehensiveIncomeNetOfTax": "None", "ebit": "-78974000", "ebitda": "117690000", "netIncome": "-67987000"}, {"fiscalDateEnding": "2009-01-31", "reportedCurrency": "USD", "grossProfit": "1174269000", "totalRevenue": "3424859000", "costOfRevenue": "2250590000", "costofGoodsAndServicesSold": "2250590000", "operatingIncome": "-70700000", "sellingGeneralAndAdministrative": "362000000", "researchAndDevelopment": "855879000", "operatingExpenses": "1244969000", "investmentIncomeNet": "None", "netInterestIncome": "None", "interestIncome": "None", "interestExpense": "406000", "nonInterestIncome": "None", "otherNonOperatingIncome": "None", "depreciation": "None", "depreciationAndAmortization": "185023000", "incomeBeforeTax": "-42954000", "incomeTaxExpense": "-12913000", "interestAndDebtExpense": "None", "netIncomeFromContinuingOperations": "None", "comprehensiveIncomeNetOfTax": "None", "ebit": "-42548000", "ebitda": "142475000", "netIncome": "-30041000"}, {"fiscalDateEnding": "2008-01-31", "reportedCurrency": "USD", "grossProfit": "1869280000", "totalRevenue": "4097860000", "costOfRevenue": "2228580000", "costofGoodsAndServicesSold": "2228580000", "operatingIncome": "836346000", "sellingGeneralAndAdministrative": "341000000", "researchAndDevelopment": "691637000", "operatingExpenses": "1032934000", "investmentIncomeNet": "None", "netInterestIncome": "None", "interestIncome": "None", "interestExpense": "0", "nonInterestIncome": "None", "otherNonOperatingIncome": "None", "depreciation": "None", "depreciationAndAmortization": "133192000", "incomeBeforeTax": "901341000", "incomeTaxExpense": "103696000", "interestAndDebtExpense": "None", "netIncomeFromContinuingOperations": "None", "comprehensiveIncomeNetOfTax": "None", "ebit": "836346000", "ebitda": "969538000", "netIncome": "797645000"}, {"fiscalDateEnding": "2007-01-31", "reportedCurrency": "USD", "grossProfit": "1300449000", "totalRevenue": "3068771000", "costOfRevenue": "1768322000", "costofGoodsAndServicesSold": "1768322000", "operatingIncome": "453452000", "sellingGeneralAndAdministrative": "294000000", "researchAndDevelopment": "553467000", "operatingExpenses": "846997000", "investmentIncomeNet": "None", "netInterestIncome": "None", "interestIncome": "None", "interestExpense": "21000", "nonInterestIncome": "None", "otherNonOperatingIncome": "None", "depreciation": "None", "depreciationAndAmortization": "107562000", "incomeBeforeTax": "494480000", "incomeTaxExpense": "46350000", "interestAndDebtExpense": "None", "netIncomeFromContinuingOperations": "None", "comprehensiveIncomeNetOfTax": "None", "ebit": "453452000", "ebitda": "561014000", "netIncome": "448834000"}, {"fiscalDateEnding": "2006-01-31", "reportedCurrency": "USD", "grossProfit": "910795000", "totalRevenue": "2375687000", "costOfRevenue": "1464892000", "costofGoodsAndServicesSold": "1464892000", "operatingIncome": "340097000", "sellingGeneralAndAdministrative": "202000000", "researchAndDevelopment": "352099000", "operatingExpenses": "570698000", "investmentIncomeNet": "None", "netInterestIncome": "None", "interestIncome": "None", "interestExpense": "72000", "nonInterestIncome": "None", "otherNonOperatingIncome": "None", "depreciation": "None", "depreciationAndAmortization": "97977000", "incomeBeforeTax": "360221000", "incomeTaxExpense": "57635000", "interestAndDebtExpense": "None", "netIncomeFromContinuingOperations": "None", "comprehensiveIncomeNetOfTax": "None", "ebit": "354757000", "ebitda": "452734000", "netIncome": "302586000"}]}