{"cash_flow": [{"fiscalDateEnding": "2024-09-30", "reportedCurrency": "USD", "operatingCashflow": "118254000000", "paymentsForOperatingActivities": "None", "proceedsFromOperatingActivities": "None", "changeInOperatingLiabilities": "None", "changeInOperatingAssets": "None", "depreciationDepletionAndAmortization": "11445000000", "capitalExpenditures": "9447000000", "changeInReceivables": "None", "changeInInventory": "-1046000000", "profitLoss": "None", "cashflowFromInvestment": "None", "cashflowFromFinancing": "-121983000000", "proceedsFromRepaymentsOfShortTermDebt": "None", "paymentsForRepurchaseOfCommonStock": "None", "paymentsForRepurchaseOfEquity": "None", "paymentsForRepurchaseOfPreferredStock": "None", "dividendPayout": "15234000000", "dividendPayoutCommonStock": "15234000000", "dividendPayoutPreferredStock": "None", "proceedsFromIssuanceOfCommonStock": "None", "proceedsFromIssuanceOfLongTermDebtAndCapitalSecuritiesNet": "None", "proceedsFromIssuanceOfPreferredStock": "None", "proceedsFromRepurchaseOfEquity": "-94949000000", "proceedsFromSaleOfTreasuryStock": "None", "changeInCashAndCashEquivalents": "None", "changeInExchangeRate": "None", "netIncome": "93736000000"}, {"fiscalDateEnding": "2023-09-30", "reportedCurrency": "USD", "operatingCashflow": "110543000000", "paymentsForOperatingActivities": "None", "proceedsFromOperatingActivities": "None", "changeInOperatingLiabilities": "None", "changeInOperatingAssets": "None", "depreciationDepletionAndAmortization": "11519000000", "capitalExpenditures": "10959000000", "changeInReceivables": "-417000000", "changeInInventory": "-1618000000", "profitLoss": "None", "cashflowFromInvestment": "3705000000", "cashflowFromFinancing": "-108488000000", "proceedsFromRepaymentsOfShortTermDebt": "None", "paymentsForRepurchaseOfCommonStock": "None", "paymentsForRepurchaseOfEquity": "None", "paymentsForRepurchaseOfPreferredStock": "None", "dividendPayout": "15025000000", "dividendPayoutCommonStock": "15025000000", "dividendPayoutPreferredStock": "None", "proceedsFromIssuanceOfCommonStock": "None", "proceedsFromIssuanceOfLongTermDebtAndCapitalSecuritiesNet": "None", "proceedsFromIssuanceOfPreferredStock": "None", "proceedsFromRepurchaseOfEquity": "-77550000000", "proceedsFromSaleOfTreasuryStock": "None", "changeInCashAndCashEquivalents": "5760000000", "changeInExchangeRate": "None", "netIncome": "96995000000"}, {"fiscalDateEnding": "2022-09-30", "reportedCurrency": "USD", "operatingCashflow": "122151000000", "paymentsForOperatingActivities": "None", "proceedsFromOperatingActivities": "None", "changeInOperatingLiabilities": "None", "changeInOperatingAssets": "None", "depreciationDepletionAndAmortization": "11104000000", "capitalExpenditures": "10708000000", "changeInReceivables": "-9343000000", "changeInInventory": "1484000000", "profitLoss": "None", "cashflowFromInvestment": "-22354000000", "cashflowFromFinancing": "-110749000000", "proceedsFromRepaymentsOfShortTermDebt": "None", "paymentsForRepurchaseOfCommonStock": "None", "paymentsForRepurchaseOfEquity": "None", "paymentsForRepurchaseOfPreferredStock": "None", "dividendPayout": "14841000000", "dividendPayoutCommonStock": "14841000000", "dividendPayoutPreferredStock": "None", "proceedsFromIssuanceOfCommonStock": "None", "proceedsFromIssuanceOfLongTermDebtAndCapitalSecuritiesNet": "None", "proceedsFromIssuanceOfPreferredStock": "None", "proceedsFromRepurchaseOfEquity": "-89402000000", "proceedsFromSaleOfTreasuryStock": "None", "changeInCashAndCashEquivalents": "-10952000000", "changeInExchangeRate": "None", "netIncome": "99803000000"}, {"fiscalDateEnding": "2021-09-30", "reportedCurrency": "USD", "operatingCashflow": "104038000000", "paymentsForOperatingActivities": "None", "proceedsFromOperatingActivities": "None", "changeInOperatingLiabilities": "None", "changeInOperatingAssets": "None", "depreciationDepletionAndAmortization": "11284000000", "capitalExpenditures": "11085000000", "changeInReceivables": "-14028000000", "changeInInventory": "-2642000000", "profitLoss": "None", "cashflowFromInvestment": "-14545000000", "cashflowFromFinancing": "-93353000000", "proceedsFromRepaymentsOfShortTermDebt": "None", "paymentsForRepurchaseOfCommonStock": "None", "paymentsForRepurchaseOfEquity": "None", "paymentsForRepurchaseOfPreferredStock": "None", "dividendPayout": "14467000000", "dividendPayoutCommonStock": "14467000000", "dividendPayoutPreferredStock": "None", "proceedsFromIssuanceOfCommonStock": "None", "proceedsFromIssuanceOfLongTermDebtAndCapitalSecuritiesNet": "None", "proceedsFromIssuanceOfPreferredStock": "None", "proceedsFromRepurchaseOfEquity": "-85971000000", "proceedsFromSaleOfTreasuryStock": "None", "changeInCashAndCashEquivalents": "-3860000000", "changeInExchangeRate": "None", "netIncome": "94680000000"}, {"fiscalDateEnding": "2020-09-30", "reportedCurrency": "USD", "operatingCashflow": "80674000000", "paymentsForOperatingActivities": "None", "proceedsFromOperatingActivities": "None", "changeInOperatingLiabilities": "None", "changeInOperatingAssets": "None", "depreciationDepletionAndAmortization": "11056000000", "capitalExpenditures": "7309000000", "changeInReceivables": "8470000000", "changeInInventory": "-127000000", "profitLoss": "None", "cashflowFromInvestment": "-4289000000", "cashflowFromFinancing": "-86820000000", "proceedsFromRepaymentsOfShortTermDebt": "None", "paymentsForRepurchaseOfCommonStock": "None", "paymentsForRepurchaseOfEquity": "None", "paymentsForRepurchaseOfPreferredStock": "None", "dividendPayout": "14081000000", "dividendPayoutCommonStock": "14081000000", "dividendPayoutPreferredStock": "None", "proceedsFromIssuanceOfCommonStock": "None", "proceedsFromIssuanceOfLongTermDebtAndCapitalSecuritiesNet": "None", "proceedsFromIssuanceOfPreferredStock": "None", "proceedsFromRepurchaseOfEquity": "-72358000000", "proceedsFromSaleOfTreasuryStock": "None", "changeInCashAndCashEquivalents": "-10435000000", "changeInExchangeRate": "None", "netIncome": "57411000000"}, {"fiscalDateEnding": "2019-09-30", "reportedCurrency": "USD", "operatingCashflow": "69391000000", "paymentsForOperatingActivities": "None", "proceedsFromOperatingActivities": "None", "changeInOperatingLiabilities": "None", "changeInOperatingAssets": "None", "depreciationDepletionAndAmortization": "12547000000", "capitalExpenditures": "10495000000", "changeInReceivables": "3176000000", "changeInInventory": "-289000000", "profitLoss": "None", "cashflowFromInvestment": "45896000000", "cashflowFromFinancing": "-90976000000", "proceedsFromRepaymentsOfShortTermDebt": "None", "paymentsForRepurchaseOfCommonStock": "None", "paymentsForRepurchaseOfEquity": "None", "paymentsForRepurchaseOfPreferredStock": "None", "dividendPayout": "14119000000", "dividendPayoutCommonStock": "14119000000", "dividendPayoutPreferredStock": "None", "proceedsFromIssuanceOfCommonStock": "None", "proceedsFromIssuanceOfLongTermDebtAndCapitalSecuritiesNet": "None", "proceedsFromIssuanceOfPreferredStock": "None", "proceedsFromRepurchaseOfEquity": "-66897000000", "proceedsFromSaleOfTreasuryStock": "None", "changeInCashAndCashEquivalents": "24311000000", "changeInExchangeRate": "None", "netIncome": "55256000000"}, {"fiscalDateEnding": "2018-09-30", "reportedCurrency": "USD", "operatingCashflow": "77434000000", "paymentsForOperatingActivities": "None", "proceedsFromOperatingActivities": "None", "changeInOperatingLiabilities": "None", "changeInOperatingAssets": "None", "depreciationDepletionAndAmortization": "10903000000", "capitalExpenditures": "13313000000", "changeInReceivables": "-13332000000", "changeInInventory": "828000000", "profitLoss": "None", "cashflowFromInvestment": "16066000000", "cashflowFromFinancing": "-87876000000", "proceedsFromRepaymentsOfShortTermDebt": "None", "paymentsForRepurchaseOfCommonStock": "None", "paymentsForRepurchaseOfEquity": "None", "paymentsForRepurchaseOfPreferredStock": "None", "dividendPayout": "13712000000", "dividendPayoutCommonStock": "13712000000", "dividendPayoutPreferredStock": "None", "proceedsFromIssuanceOfCommonStock": "None", "proceedsFromIssuanceOfLongTermDebtAndCapitalSecuritiesNet": "None", "proceedsFromIssuanceOfPreferredStock": "None", "proceedsFromRepurchaseOfEquity": "-72738000000", "proceedsFromSaleOfTreasuryStock": "None", "changeInCashAndCashEquivalents": "5624000000", "changeInExchangeRate": "None", "netIncome": "59531000000"}, {"fiscalDateEnding": "2017-09-30", "reportedCurrency": "USD", "operatingCashflow": "63598000000", "paymentsForOperatingActivities": "None", "proceedsFromOperatingActivities": "None", "changeInOperatingLiabilities": "None", "changeInOperatingAssets": "None", "depreciationDepletionAndAmortization": "10157000000", "capitalExpenditures": "12451000000", "changeInReceivables": "-6347000000", "changeInInventory": "-2723000000", "profitLoss": "None", "cashflowFromInvestment": "-46446000000", "cashflowFromFinancing": "-17347000000", "proceedsFromRepaymentsOfShortTermDebt": "None", "paymentsForRepurchaseOfCommonStock": "None", "paymentsForRepurchaseOfEquity": "None", "paymentsForRepurchaseOfPreferredStock": "None", "dividendPayout": "12769000000", "dividendPayoutCommonStock": "12769000000", "dividendPayoutPreferredStock": "None", "proceedsFromIssuanceOfCommonStock": "None", "proceedsFromIssuanceOfLongTermDebtAndCapitalSecuritiesNet": "None", "proceedsFromIssuanceOfPreferredStock": "None", "proceedsFromRepurchaseOfEquity": "-32900000000", "proceedsFromSaleOfTreasuryStock": "None", "changeInCashAndCashEquivalents": "-195000000", "changeInExchangeRate": "None", "netIncome": "48351000000"}, {"fiscalDateEnding": "2016-09-30", "reportedCurrency": "USD", "operatingCashflow": "65824000000", "paymentsForOperatingActivities": "None", "proceedsFromOperatingActivities": "None", "changeInOperatingLiabilities": "None", "changeInOperatingAssets": "None", "depreciationDepletionAndAmortization": "10505000000", "capitalExpenditures": "12734000000", "changeInReceivables": "1044000000", "changeInInventory": "217000000", "profitLoss": "None", "cashflowFromInvestment": "-45977000000", "cashflowFromFinancing": "-20483000000", "proceedsFromRepaymentsOfShortTermDebt": "None", "paymentsForRepurchaseOfCommonStock": "None", "paymentsForRepurchaseOfEquity": "None", "paymentsForRepurchaseOfPreferredStock": "None", "dividendPayout": "12150000000", "dividendPayoutCommonStock": "12150000000", "dividendPayoutPreferredStock": "None", "proceedsFromIssuanceOfCommonStock": "None", "proceedsFromIssuanceOfLongTermDebtAndCapitalSecuritiesNet": "None", "proceedsFromIssuanceOfPreferredStock": "None", "proceedsFromRepurchaseOfEquity": "-29722000000", "proceedsFromSaleOfTreasuryStock": "None", "changeInCashAndCashEquivalents": "-636000000", "changeInExchangeRate": "None", "netIncome": "45687000000"}, {"fiscalDateEnding": "2015-09-30", "reportedCurrency": "USD", "operatingCashflow": "81266000000", "paymentsForOperatingActivities": "None", "proceedsFromOperatingActivities": "None", "changeInOperatingLiabilities": "None", "changeInOperatingAssets": "None", "depreciationDepletionAndAmortization": "11257000000", "capitalExpenditures": "11247000000", "changeInReceivables": "611000000", "changeInInventory": "-238000000", "profitLoss": "None", "cashflowFromInvestment": "-56274000000", "cashflowFromFinancing": "-17716000000", "proceedsFromRepaymentsOfShortTermDebt": "None", "paymentsForRepurchaseOfCommonStock": "None", "paymentsForRepurchaseOfEquity": "None", "paymentsForRepurchaseOfPreferredStock": "None", "dividendPayout": "11561000000", "dividendPayoutCommonStock": "11561000000", "dividendPayoutPreferredStock": "None", "proceedsFromIssuanceOfCommonStock": "None", "proceedsFromIssuanceOfLongTermDebtAndCapitalSecuritiesNet": "None", "proceedsFromIssuanceOfPreferredStock": "None", "proceedsFromRepurchaseOfEquity": "-35253000000", "proceedsFromSaleOfTreasuryStock": "None", "changeInCashAndCashEquivalents": "7276000000", "changeInExchangeRate": "None", "netIncome": "53394000000"}, {"fiscalDateEnding": "2014-09-30", "reportedCurrency": "USD", "operatingCashflow": "59713000000", "paymentsForOperatingActivities": "None", "proceedsFromOperatingActivities": "None", "changeInOperatingLiabilities": "None", "changeInOperatingAssets": "None", "depreciationDepletionAndAmortization": "7946000000", "capitalExpenditures": "9571000000", "changeInReceivables": "-6452000000", "changeInInventory": "-76000000", "profitLoss": "None", "cashflowFromInvestment": "-22579000000", "cashflowFromFinancing": "-37549000000", "proceedsFromRepaymentsOfShortTermDebt": "None", "paymentsForRepurchaseOfCommonStock": "None", "paymentsForRepurchaseOfEquity": "None", "paymentsForRepurchaseOfPreferredStock": "None", "dividendPayout": "11126000000", "dividendPayoutCommonStock": "11126000000", "dividendPayoutPreferredStock": "None", "proceedsFromIssuanceOfCommonStock": "None", "proceedsFromIssuanceOfLongTermDebtAndCapitalSecuritiesNet": "None", "proceedsFromIssuanceOfPreferredStock": "None", "proceedsFromRepurchaseOfEquity": "-45000000000", "proceedsFromSaleOfTreasuryStock": "None", "changeInCashAndCashEquivalents": "-415000000", "changeInExchangeRate": "None", "netIncome": "39510000000"}, {"fiscalDateEnding": "2013-09-30", "reportedCurrency": "USD", "operatingCashflow": "53666000000", "paymentsForOperatingActivities": "None", "proceedsFromOperatingActivities": "None", "changeInOperatingLiabilities": "None", "changeInOperatingAssets": "None", "depreciationDepletionAndAmortization": "6757000000", "capitalExpenditures": "8165000000", "changeInReceivables": "-1949000000", "changeInInventory": "-973000000", "profitLoss": "None", "cashflowFromInvestment": "-33774000000", "cashflowFromFinancing": "-16379000000", "proceedsFromRepaymentsOfShortTermDebt": "None", "paymentsForRepurchaseOfCommonStock": "None", "paymentsForRepurchaseOfEquity": "None", "paymentsForRepurchaseOfPreferredStock": "None", "dividendPayout": "10564000000", "dividendPayoutCommonStock": "10564000000", "dividendPayoutPreferredStock": "None", "proceedsFromIssuanceOfCommonStock": "None", "proceedsFromIssuanceOfLongTermDebtAndCapitalSecuritiesNet": "None", "proceedsFromIssuanceOfPreferredStock": "None", "proceedsFromRepurchaseOfEquity": "-22860000000", "proceedsFromSaleOfTreasuryStock": "None", "changeInCashAndCashEquivalents": "3513000000", "changeInExchangeRate": "None", "netIncome": "37037000000"}, {"fiscalDateEnding": "2012-09-30", "reportedCurrency": "USD", "operatingCashflow": "50856000000", "paymentsForOperatingActivities": "None", "proceedsFromOperatingActivities": "None", "changeInOperatingLiabilities": "None", "changeInOperatingAssets": "None", "depreciationDepletionAndAmortization": "3277000000", "capitalExpenditures": "8295000000", "changeInReceivables": "-6965000000", "changeInInventory": "-15000000", "profitLoss": "None", "cashflowFromInvestment": "-48227000000", "cashflowFromFinancing": "-1698000000", "proceedsFromRepaymentsOfShortTermDebt": "None", "paymentsForRepurchaseOfCommonStock": "None", "paymentsForRepurchaseOfEquity": "None", "paymentsForRepurchaseOfPreferredStock": "None", "dividendPayout": "2488000000", "dividendPayoutCommonStock": "2488000000", "dividendPayoutPreferredStock": "None", "proceedsFromIssuanceOfCommonStock": "None", "proceedsFromIssuanceOfLongTermDebtAndCapitalSecuritiesNet": "None", "proceedsFromIssuanceOfPreferredStock": "None", "proceedsFromRepurchaseOfEquity": "665000000", "proceedsFromSaleOfTreasuryStock": "None", "changeInCashAndCashEquivalents": "931000000", "changeInExchangeRate": "None", "netIncome": "41733000000"}, {"fiscalDateEnding": "2011-09-30", "reportedCurrency": "USD", "operatingCashflow": "37529000000", "paymentsForOperatingActivities": "None", "proceedsFromOperatingActivities": "None", "changeInOperatingLiabilities": "None", "changeInOperatingAssets": "None", "depreciationDepletionAndAmortization": "1814000000", "capitalExpenditures": "4260000000", "changeInReceivables": "-1791000000", "changeInInventory": "275000000", "profitLoss": "None", "cashflowFromInvestment": "-40419000000", "cashflowFromFinancing": "1444000000", "proceedsFromRepaymentsOfShortTermDebt": "None", "paymentsForRepurchaseOfCommonStock": "None", "paymentsForRepurchaseOfEquity": "None", "paymentsForRepurchaseOfPreferredStock": "None", "dividendPayout": "None", "dividendPayoutCommonStock": "None", "dividendPayoutPreferredStock": "None", "proceedsFromIssuanceOfCommonStock": "None", "proceedsFromIssuanceOfLongTermDebtAndCapitalSecuritiesNet": "None", "proceedsFromIssuanceOfPreferredStock": "None", "proceedsFromRepurchaseOfEquity": "831000000", "proceedsFromSaleOfTreasuryStock": "None", "changeInCashAndCashEquivalents": "-1446000000", "changeInExchangeRate": "None", "netIncome": "25922000000"}, {"fiscalDateEnding": "2010-09-30", "reportedCurrency": "USD", "operatingCashflow": "18595000000", "paymentsForOperatingActivities": "None", "proceedsFromOperatingActivities": "None", "changeInOperatingLiabilities": "None", "changeInOperatingAssets": "None", "depreciationDepletionAndAmortization": "1027000000", "capitalExpenditures": "2005000000", "changeInReceivables": "-4860000000", "changeInInventory": "-596000000", "profitLoss": "None", "cashflowFromInvestment": "-13854000000", "cashflowFromFinancing": "1257000000", "proceedsFromRepaymentsOfShortTermDebt": "None", "paymentsForRepurchaseOfCommonStock": "None", "paymentsForRepurchaseOfEquity": "None", "paymentsForRepurchaseOfPreferredStock": "None", "dividendPayout": "None", "dividendPayoutCommonStock": "None", "dividendPayoutPreferredStock": "None", "proceedsFromIssuanceOfCommonStock": "None", "proceedsFromIssuanceOfLongTermDebtAndCapitalSecuritiesNet": "None", "proceedsFromIssuanceOfPreferredStock": "None", "proceedsFromRepurchaseOfEquity": "912000000", "proceedsFromSaleOfTreasuryStock": "None", "changeInCashAndCashEquivalents": "5998000000", "changeInExchangeRate": "None", "netIncome": "14013000000"}, {"fiscalDateEnding": "2009-09-30", "reportedCurrency": "USD", "operatingCashflow": "10159000000", "paymentsForOperatingActivities": "None", "proceedsFromOperatingActivities": "None", "changeInOperatingLiabilities": "None", "changeInOperatingAssets": "None", "depreciationDepletionAndAmortization": "703000000", "capitalExpenditures": "1144000000", "changeInReceivables": "-939000000", "changeInInventory": "54000000", "profitLoss": "None", "cashflowFromInvestment": "-17434000000", "cashflowFromFinancing": "663000000", "proceedsFromRepaymentsOfShortTermDebt": "None", "paymentsForRepurchaseOfCommonStock": "None", "paymentsForRepurchaseOfEquity": "None", "paymentsForRepurchaseOfPreferredStock": "None", "dividendPayout": "None", "dividendPayoutCommonStock": "None", "dividendPayoutPreferredStock": "None", "proceedsFromIssuanceOfCommonStock": "None", "proceedsFromIssuanceOfLongTermDebtAndCapitalSecuritiesNet": "None", "proceedsFromIssuanceOfPreferredStock": "None", "proceedsFromRepurchaseOfEquity": "475000000", "proceedsFromSaleOfTreasuryStock": "None", "changeInCashAndCashEquivalents": "-6612000000", "changeInExchangeRate": "None", "netIncome": "5704000000"}, {"fiscalDateEnding": "2008-09-30", "reportedCurrency": "USD", "operatingCashflow": "9596000000", "paymentsForOperatingActivities": "None", "proceedsFromOperatingActivities": "None", "changeInOperatingLiabilities": "None", "changeInOperatingAssets": "None", "depreciationDepletionAndAmortization": "473000000", "capitalExpenditures": "1091000000", "changeInReceivables": "None", "changeInInventory": "-163000000", "profitLoss": "None", "cashflowFromInvestment": "None", "cashflowFromFinancing": "1116000000", "proceedsFromRepaymentsOfShortTermDebt": "None", "paymentsForRepurchaseOfCommonStock": "None", "paymentsForRepurchaseOfEquity": "None", "paymentsForRepurchaseOfPreferredStock": "None", "dividendPayout": "None", "dividendPayoutCommonStock": "None", "dividendPayoutPreferredStock": "None", "proceedsFromIssuanceOfCommonStock": "None", "proceedsFromIssuanceOfLongTermDebtAndCapitalSecuritiesNet": "None", "proceedsFromIssuanceOfPreferredStock": "None", "proceedsFromRepurchaseOfEquity": "-124000000", "proceedsFromSaleOfTreasuryStock": "None", "changeInCashAndCashEquivalents": "2523000000", "changeInExchangeRate": "None", "netIncome": "4834000000"}, {"fiscalDateEnding": "2007-09-30", "reportedCurrency": "USD", "operatingCashflow": "5470000000", "paymentsForOperatingActivities": "None", "proceedsFromOperatingActivities": "None", "changeInOperatingLiabilities": "None", "changeInOperatingAssets": "None", "depreciationDepletionAndAmortization": "317000000", "capitalExpenditures": "735000000", "changeInReceivables": "None", "changeInInventory": "-76000000", "profitLoss": "None", "cashflowFromInvestment": "None", "cashflowFromFinancing": "739000000", "proceedsFromRepaymentsOfShortTermDebt": "None", "paymentsForRepurchaseOfCommonStock": "None", "paymentsForRepurchaseOfEquity": "None", "paymentsForRepurchaseOfPreferredStock": "None", "dividendPayout": "None", "dividendPayoutCommonStock": "None", "dividendPayoutPreferredStock": "None", "proceedsFromIssuanceOfCommonStock": "None", "proceedsFromIssuanceOfLongTermDebtAndCapitalSecuritiesNet": "None", "proceedsFromIssuanceOfPreferredStock": "None", "proceedsFromRepurchaseOfEquity": "-3000000", "proceedsFromSaleOfTreasuryStock": "None", "changeInCashAndCashEquivalents": "2960000000", "changeInExchangeRate": "None", "netIncome": "3496000000"}, {"fiscalDateEnding": "2006-09-30", "reportedCurrency": "USD", "operatingCashflow": "2220000000", "paymentsForOperatingActivities": "None", "proceedsFromOperatingActivities": "None", "changeInOperatingLiabilities": "None", "changeInOperatingAssets": "None", "depreciationDepletionAndAmortization": "225000000", "capitalExpenditures": "657000000", "changeInReceivables": "None", "changeInInventory": "-105000000", "profitLoss": "None", "cashflowFromInvestment": "357000000", "cashflowFromFinancing": "324000000", "proceedsFromRepaymentsOfShortTermDebt": "None", "paymentsForRepurchaseOfCommonStock": "None", "paymentsForRepurchaseOfEquity": "None", "paymentsForRepurchaseOfPreferredStock": "None", "dividendPayout": "None", "dividendPayoutCommonStock": "None", "dividendPayoutPreferredStock": "None", "proceedsFromIssuanceOfCommonStock": "None", "proceedsFromIssuanceOfLongTermDebtAndCapitalSecuritiesNet": "None", "proceedsFromIssuanceOfPreferredStock": "None", "proceedsFromRepurchaseOfEquity": "-355000000", "proceedsFromSaleOfTreasuryStock": "None", "changeInCashAndCashEquivalents": "2901000000", "changeInExchangeRate": "None", "netIncome": "1989000000"}, {"fiscalDateEnding": "2005-09-30", "reportedCurrency": "USD", "operatingCashflow": "2535000000", "paymentsForOperatingActivities": "None", "proceedsFromOperatingActivities": "None", "changeInOperatingLiabilities": "None", "changeInOperatingAssets": "None", "depreciationDepletionAndAmortization": "179000000", "capitalExpenditures": "260000000", "changeInReceivables": "None", "changeInInventory": "-64000000", "profitLoss": "None", "cashflowFromInvestment": "None", "cashflowFromFinancing": "543000000", "proceedsFromRepaymentsOfShortTermDebt": "None", "paymentsForRepurchaseOfCommonStock": "None", "paymentsForRepurchaseOfEquity": "None", "paymentsForRepurchaseOfPreferredStock": "None", "dividendPayout": "None", "dividendPayoutCommonStock": "None", "dividendPayoutPreferredStock": "None", "proceedsFromIssuanceOfCommonStock": "None", "proceedsFromIssuanceOfLongTermDebtAndCapitalSecuritiesNet": "None", "proceedsFromIssuanceOfPreferredStock": "None", "proceedsFromRepurchaseOfEquity": "543000000", "proceedsFromSaleOfTreasuryStock": "None", "changeInCashAndCashEquivalents": "522000000", "changeInExchangeRate": "None", "netIncome": "1335000000"}], "balance_sheet": [{"fiscalDateEnding": "2024-09-30", "reportedCurrency": "USD", "totalAssets": "364980000000", "totalCurrentAssets": "152987000000", "cashAndCashEquivalentsAtCarryingValue": "29943000000", "cashAndShortTermInvestments": "29943000000", "inventory": "7286000000", "currentNetReceivables": "66243000000", "totalNonCurrentAssets": "211993000000", "propertyPlantEquipment": "None", "accumulatedDepreciationAmortizationPPE": "None", "intangibleAssets": "None", "intangibleAssetsExcludingGoodwill": "None", "goodwill": "None", "investments": "None", "longTermInvestments": "91479000000", "shortTermInvestments": "35228000000", "otherCurrentAssets": "14287000000", "otherNonCurrentAssets": "None", "totalLiabilities": "308030000000", "totalCurrentLiabilities": "176392000000", "currentAccountsPayable": "68960000000", "deferredRevenue": "None", "currentDebt": "None", "shortTermDebt": "22511000000", "totalNonCurrentLiabilities": "131638000000", "capitalLeaseObligations": "None", "longTermDebt": "85750000000", "currentLongTermDebt": "20879000000", "longTermDebtNoncurrent": "None", "shortLongTermDebtTotal": "119059000000", "otherCurrentLiabilities": "50071000000", "otherNonCurrentLiabilities": "36634000000", "totalShareholderEquity": "56950000000", "treasuryStock": "None", "retainedEarnings": "-19154000000", "commonStock": "83276000000", "commonStockSharesOutstanding": "15408095000"}, {"fiscalDateEnding": "2023-09-30", "reportedCurrency": "USD", "totalAssets": "352583000000", "totalCurrentAssets": "143566000000", "cashAndCashEquivalentsAtCarryingValue": "29965000000", "cashAndShortTermInvestments": "29965000000", "inventory": "6331000000", "currentNetReceivables": "29508000000", "totalNonCurrentAssets": "209017000000", "propertyPlantEquipment": "43715000000", "accumulatedDepreciationAmortizationPPE": "None", "intangibleAssets": "None", "intangibleAssetsExcludingGoodwill": "None", "goodwill": "None", "investments": "None", "longTermInvestments": "100544000000", "shortTermInvestments": "31590000000", "otherCurrentAssets": "14695000000", "otherNonCurrentAssets": "None", "totalLiabilities": "290437000000", "totalCurrentLiabilities": "145308000000", "currentAccountsPayable": "62611000000", "deferredRevenue": "None", "currentDebt": "None", "shortTermDebt": "15807000000", "totalNonCurrentLiabilities": "145129000000", "capitalLeaseObligations": "12842000000", "longTermDebt": "95281000000", "currentLongTermDebt": "15807000000", "longTermDebtNoncurrent": "None", "shortLongTermDebtTotal": "111947000000", "otherCurrentLiabilities": "58829000000", "otherNonCurrentLiabilities": "49848000000", "totalShareholderEquity": "62146000000", "treasuryStock": "None", "retainedEarnings": "-214000000", "commonStock": "73812000000", "commonStockSharesOutstanding": "15812547000"}, {"fiscalDateEnding": "2022-09-30", "reportedCurrency": "USD", "totalAssets": "352755000000", "totalCurrentAssets": "135405000000", "cashAndCashEquivalentsAtCarryingValue": "23646000000", "cashAndShortTermInvestments": "23646000000", "inventory": "4946000000", "currentNetReceivables": "28184000000", "totalNonCurrentAssets": "217350000000", "propertyPlantEquipment": "42117000000", "accumulatedDepreciationAmortizationPPE": "72340000000", "intangibleAssets": "None", "intangibleAssetsExcludingGoodwill": "None", "goodwill": "None", "investments": "None", "longTermInvestments": "120805000000", "shortTermInvestments": "24658000000", "otherCurrentAssets": "21223000000", "otherNonCurrentAssets": "None", "totalLiabilities": "302083000000", "totalCurrentLiabilities": "153982000000", "currentAccountsPayable": "64115000000", "deferredRevenue": "None", "currentDebt": "None", "shortTermDebt": "21110000000", "totalNonCurrentLiabilities": "148101000000", "capitalLeaseObligations": "12411000000", "longTermDebt": "98959000000", "currentLongTermDebt": "21110000000", "longTermDebtNoncurrent": "None", "shortLongTermDebtTotal": "120881000000", "otherCurrentLiabilities": "60845000000", "otherNonCurrentLiabilities": "49142000000", "totalShareholderEquity": "50672000000", "treasuryStock": "None", "retainedEarnings": "-3068000000", "commonStock": "64849000000", "commonStockSharesOutstanding": "16325819000"}, {"fiscalDateEnding": "2021-09-30", "reportedCurrency": "USD", "totalAssets": "351002000000", "totalCurrentAssets": "134836000000", "cashAndCashEquivalentsAtCarryingValue": "34940000000", "cashAndShortTermInvestments": "34940000000", "inventory": "6580000000", "currentNetReceivables": "26278000000", "totalNonCurrentAssets": "216166000000", "propertyPlantEquipment": "39440000000", "accumulatedDepreciationAmortizationPPE": "70283000000", "intangibleAssets": "None", "intangibleAssetsExcludingGoodwill": "None", "goodwill": "None", "investments": "None", "longTermInvestments": "127877000000", "shortTermInvestments": "27699000000", "otherCurrentAssets": "14111000000", "otherNonCurrentAssets": "None", "totalLiabilities": "287912000000", "totalCurrentLiabilities": "125481000000", "currentAccountsPayable": "54763000000", "deferredRevenue": "None", "currentDebt": "None", "shortTermDebt": "15613000000", "totalNonCurrentLiabilities": "162431000000", "capitalLeaseObligations": "11803000000", "longTermDebt": "109106000000", "currentLongTermDebt": "15613000000", "longTermDebtNoncurrent": "None", "shortLongTermDebtTotal": "124719000000", "otherCurrentLiabilities": "47493000000", "otherNonCurrentLiabilities": "28636000000", "totalShareholderEquity": "63090000000", "treasuryStock": "None", "retainedEarnings": "5562000000", "commonStock": "57365000000", "commonStockSharesOutstanding": "16864919000"}, {"fiscalDateEnding": "2020-09-30", "reportedCurrency": "USD", "totalAssets": "323888000000", "totalCurrentAssets": "143713000000", "cashAndCashEquivalentsAtCarryingValue": "38016000000", "cashAndShortTermInvestments": "38016000000", "inventory": "4061000000", "currentNetReceivables": "16120000000", "totalNonCurrentAssets": "180175000000", "propertyPlantEquipment": "36766000000", "accumulatedDepreciationAmortizationPPE": "66760000000", "intangibleAssets": "None", "intangibleAssetsExcludingGoodwill": "None", "goodwill": "None", "investments": "None", "longTermInvestments": "100887000000", "shortTermInvestments": "52927000000", "otherCurrentAssets": "11264000000", "otherNonCurrentAssets": "None", "totalLiabilities": "258549000000", "totalCurrentLiabilities": "105392000000", "currentAccountsPayable": "42296000000", "deferredRevenue": "None", "currentDebt": "None", "shortTermDebt": "13769000000", "totalNonCurrentLiabilities": "153157000000", "capitalLeaseObligations": "9842000000", "longTermDebt": "98667000000", "currentLongTermDebt": "13769000000", "longTermDebtNoncurrent": "None", "shortLongTermDebtTotal": "112436000000", "otherCurrentLiabilities": "42684000000", "otherNonCurrentLiabilities": "26320000000", "totalShareholderEquity": "65339000000", "treasuryStock": "None", "retainedEarnings": "14966000000", "commonStock": "50779000000", "commonStockSharesOutstanding": "17528214000"}, {"fiscalDateEnding": "2019-09-30", "reportedCurrency": "USD", "totalAssets": "338516000000", "totalCurrentAssets": "162819000000", "cashAndCashEquivalentsAtCarryingValue": "48844000000", "cashAndShortTermInvestments": "48844000000", "inventory": "4106000000", "currentNetReceivables": "22926000000", "totalNonCurrentAssets": "175697000000", "propertyPlantEquipment": "37378000000", "accumulatedDepreciationAmortizationPPE": "58579000000", "intangibleAssets": "None", "intangibleAssetsExcludingGoodwill": "None", "goodwill": "None", "investments": "None", "longTermInvestments": "105341000000", "shortTermInvestments": "51713000000", "otherCurrentAssets": "12352000000", "otherNonCurrentAssets": "None", "totalLiabilities": "248028000000", "totalCurrentLiabilities": "105718000000", "currentAccountsPayable": "46236000000", "deferredRevenue": "None", "currentDebt": "None", "shortTermDebt": "16240000000", "totalNonCurrentLiabilities": "142310000000", "capitalLeaseObligations": "None", "longTermDebt": "91807000000", "currentLongTermDebt": "16240000000", "longTermDebtNoncurrent": "None", "shortLongTermDebtTotal": "108047000000", "otherCurrentLiabilities": "37720000000", "otherNonCurrentLiabilities": "20958000000", "totalShareholderEquity": "90488000000", "treasuryStock": "None", "retainedEarnings": "45898000000", "commonStock": "45174000000", "commonStockSharesOutstanding": "18595652000"}, {"fiscalDateEnding": "2018-09-30", "reportedCurrency": "USD", "totalAssets": "365725000000", "totalCurrentAssets": "131339000000", "cashAndCashEquivalentsAtCarryingValue": "25913000000", "cashAndShortTermInvestments": "25913000000", "inventory": "3956000000", "currentNetReceivables": "23186000000", "totalNonCurrentAssets": "234386000000", "propertyPlantEquipment": "41304000000", "accumulatedDepreciationAmortizationPPE": "49099000000", "intangibleAssets": "None", "intangibleAssetsExcludingGoodwill": "None", "goodwill": "None", "investments": "None", "longTermInvestments": "170799000000", "shortTermInvestments": "40388000000", "otherCurrentAssets": "12087000000", "otherNonCurrentAssets": "None", "totalLiabilities": "258578000000", "totalCurrentLiabilities": "116866000000", "currentAccountsPayable": "55888000000", "deferredRevenue": "None", "currentDebt": "None", "shortTermDebt": "20748000000", "totalNonCurrentLiabilities": "141712000000", "capitalLeaseObligations": "None", "longTermDebt": "93735000000", "currentLongTermDebt": "20748000000", "longTermDebtNoncurrent": "None", "shortLongTermDebtTotal": "114483000000", "otherCurrentLiabilities": "32687000000", "otherNonCurrentLiabilities": "11165000000", "totalShareholderEquity": "107147000000", "treasuryStock": "None", "retainedEarnings": "70400000000", "commonStock": "40201000000", "commonStockSharesOutstanding": "20000436000"}, {"fiscalDateEnding": "2017-09-30", "reportedCurrency": "USD", "totalAssets": "375319000000", "totalCurrentAssets": "128645000000", "cashAndCashEquivalentsAtCarryingValue": "20289000000", "cashAndShortTermInvestments": "20289000000", "inventory": "4855000000", "currentNetReceivables": "2093000000", "totalNonCurrentAssets": "246674000000", "propertyPlantEquipment": "33783000000", "accumulatedDepreciationAmortizationPPE": "41293000000", "intangibleAssets": "2298000000", "intangibleAssetsExcludingGoodwill": "2298000000", "goodwill": "5717000000", "investments": "None", "longTermInvestments": "194714000000", "shortTermInvestments": "53892000000", "otherCurrentAssets": "13936000000", "otherNonCurrentAssets": "None", "totalLiabilities": "241272000000", "totalCurrentLiabilities": "100814000000", "currentAccountsPayable": "49049000000", "deferredRevenue": "None", "currentDebt": "None", "shortTermDebt": "18473000000", "totalNonCurrentLiabilities": "140458000000", "capitalLeaseObligations": "None", "longTermDebt": "97207000000", "currentLongTermDebt": "18473000000", "longTermDebtNoncurrent": "None", "shortLongTermDebtTotal": "115680000000", "otherCurrentLiabilities": "25744000000", "otherNonCurrentLiabilities": "40415000000", "totalShareholderEquity": "134047000000", "treasuryStock": "0", "retainedEarnings": "98330000000", "commonStock": "35867000000", "commonStockSharesOutstanding": "21006768000"}, {"fiscalDateEnding": "2016-09-30", "reportedCurrency": "USD", "totalAssets": "321686000000", "totalCurrentAssets": "106869000000", "cashAndCashEquivalentsAtCarryingValue": "20484000000", "cashAndShortTermInvestments": "20484000000", "inventory": "2132000000", "currentNetReceivables": "527000000", "totalNonCurrentAssets": "214817000000", "propertyPlantEquipment": "27010000000", "accumulatedDepreciationAmortizationPPE": "34235000000", "intangibleAssets": "3206000000", "intangibleAssetsExcludingGoodwill": "3206000000", "goodwill": "5414000000", "investments": "None", "longTermInvestments": "170430000000", "shortTermInvestments": "46671000000", "otherCurrentAssets": "8283000000", "otherNonCurrentAssets": "None", "totalLiabilities": "193437000000", "totalCurrentLiabilities": "79006000000", "currentAccountsPayable": "37294000000", "deferredRevenue": "None", "currentDebt": "None", "shortTermDebt": "11605000000", "totalNonCurrentLiabilities": "114431000000", "capitalLeaseObligations": "None", "longTermDebt": "75427000000", "currentLongTermDebt": "11605000000", "longTermDebtNoncurrent": "None", "shortLongTermDebtTotal": "87032000000", "otherCurrentLiabilities": "22027000000", "otherNonCurrentLiabilities": "36074000000", "totalShareholderEquity": "128249000000", "treasuryStock": "None", "retainedEarnings": "96364000000", "commonStock": "31251000000", "commonStockSharesOutstanding": "22001124000"}, {"fiscalDateEnding": "2015-09-30", "reportedCurrency": "USD", "totalAssets": "290479000000", "totalCurrentAssets": "89378000000", "cashAndCashEquivalentsAtCarryingValue": "21120000000", "cashAndShortTermInvestments": "21120000000", "inventory": "2349000000", "currentNetReceivables": "417000000", "totalNonCurrentAssets": "201101000000", "propertyPlantEquipment": "22471000000", "accumulatedDepreciationAmortizationPPE": "26786000000", "intangibleAssets": "3893000000", "intangibleAssetsExcludingGoodwill": "3893000000", "goodwill": "5116000000", "investments": "None", "longTermInvestments": "164065000000", "shortTermInvestments": "20481000000", "otherCurrentAssets": "9539000000", "otherNonCurrentAssets": "None", "totalLiabilities": "171124000000", "totalCurrentLiabilities": "80610000000", "currentAccountsPayable": "35490000000", "deferredRevenue": "None", "currentDebt": "None", "shortTermDebt": "10999000000", "totalNonCurrentLiabilities": "90514000000", "capitalLeaseObligations": "None", "longTermDebt": "53463000000", "currentLongTermDebt": "2513000000", "longTermDebtNoncurrent": "None", "shortLongTermDebtTotal": "64462000000", "otherCurrentLiabilities": "25181000000", "otherNonCurrentLiabilities": "33427000000", "totalShareholderEquity": "119355000000", "treasuryStock": "0", "retainedEarnings": "92284000000", "commonStock": "27416000000", "commonStockSharesOutstanding": "23172276000"}, {"fiscalDateEnding": "2014-09-30", "reportedCurrency": "USD", "totalAssets": "231839000000", "totalCurrentAssets": "68531000000", "cashAndCashEquivalentsAtCarryingValue": "13844000000", "cashAndShortTermInvestments": "13844000000", "inventory": "2111000000", "currentNetReceivables": "4232000000", "totalNonCurrentAssets": "163308000000", "propertyPlantEquipment": "20624000000", "accumulatedDepreciationAmortizationPPE": "18391000000", "intangibleAssets": "4142000000", "intangibleAssetsExcludingGoodwill": "4142000000", "goodwill": "4616000000", "investments": "None", "longTermInvestments": "130162000000", "shortTermInvestments": "11233000000", "otherCurrentAssets": "9806000000", "otherNonCurrentAssets": "None", "totalLiabilities": "120292000000", "totalCurrentLiabilities": "63448000000", "currentAccountsPayable": "30196000000", "deferredRevenue": "None", "currentDebt": "None", "shortTermDebt": "6308000000", "totalNonCurrentLiabilities": "56844000000", "capitalLeaseObligations": "None", "longTermDebt": "28987000000", "currentLongTermDebt": "35295000000", "longTermDebtNoncurrent": "None", "shortLongTermDebtTotal": "35295000000", "otherCurrentLiabilities": "18453000000", "otherNonCurrentLiabilities": "24826000000", "totalShareholderEquity": "111547000000", "treasuryStock": "0", "retainedEarnings": "87152000000", "commonStock": "23313000000", "commonStockSharesOutstanding": "24490652000"}, {"fiscalDateEnding": "2013-09-30", "reportedCurrency": "USD", "totalAssets": "207000000000", "totalCurrentAssets": "73286000000", "cashAndCashEquivalentsAtCarryingValue": "14259000000", "cashAndShortTermInvestments": "14259000000", "inventory": "1764000000", "currentNetReceivables": "2172000000", "totalNonCurrentAssets": "133714000000", "propertyPlantEquipment": "16597000000", "accumulatedDepreciationAmortizationPPE": "11922000000", "intangibleAssets": "4179000000", "intangibleAssetsExcludingGoodwill": "4179000000", "goodwill": "1577000000", "investments": "None", "longTermInvestments": "106215000000", "shortTermInvestments": "26287000000", "otherCurrentAssets": "6882000000", "otherNonCurrentAssets": "None", "totalLiabilities": "83451000000", "totalCurrentLiabilities": "43658000000", "currentAccountsPayable": "22367000000", "deferredRevenue": "None", "currentDebt": "None", "shortTermDebt": "7679000000", "totalNonCurrentLiabilities": "39793000000", "capitalLeaseObligations": "None", "longTermDebt": "16960000000", "currentLongTermDebt": "None", "longTermDebtNoncurrent": "None", "shortLongTermDebtTotal": "16960000000", "otherCurrentLiabilities": "13856000000", "otherNonCurrentLiabilities": "20208000000", "totalShareholderEquity": "123549000000", "treasuryStock": "0", "retainedEarnings": "104256000000", "commonStock": "19764000000", "commonStockSharesOutstanding": "26086536000"}, {"fiscalDateEnding": "2012-09-30", "reportedCurrency": "USD", "totalAssets": "176064000000", "totalCurrentAssets": "57653000000", "cashAndCashEquivalentsAtCarryingValue": "10746000000", "cashAndShortTermInvestments": "10746000000", "inventory": "791000000", "currentNetReceivables": "5551000000", "totalNonCurrentAssets": "118411000000", "propertyPlantEquipment": "15452000000", "accumulatedDepreciationAmortizationPPE": "6435000000", "intangibleAssets": "4224000000", "intangibleAssetsExcludingGoodwill": "4224000000", "goodwill": "1135000000", "investments": "None", "longTermInvestments": "92122000000", "shortTermInvestments": "18383000000", "otherCurrentAssets": "6458000000", "otherNonCurrentAssets": "None", "totalLiabilities": "57854000000", "totalCurrentLiabilities": "38542000000", "currentAccountsPayable": "21175000000", "deferredRevenue": "None", "currentDebt": "None", "shortTermDebt": "6310000000", "totalNonCurrentLiabilities": "19312000000", "capitalLeaseObligations": "None", "longTermDebt": "None", "currentLongTermDebt": "None", "longTermDebtNoncurrent": "None", "shortLongTermDebtTotal": "None", "otherCurrentLiabilities": "11414000000", "otherNonCurrentLiabilities": "16664000000", "totalShareholderEquity": "118210000000", "treasuryStock": "0", "retainedEarnings": "101289000000", "commonStock": "16422000000", "commonStockSharesOutstanding": "26469940000"}, {"fiscalDateEnding": "2011-09-30", "reportedCurrency": "USD", "totalAssets": "116371000000", "totalCurrentAssets": "44988000000", "cashAndCashEquivalentsAtCarryingValue": "9815000000", "cashAndShortTermInvestments": "9815000000", "inventory": "776000000", "currentNetReceivables": "5369000000", "totalNonCurrentAssets": "71383000000", "propertyPlantEquipment": "7777000000", "accumulatedDepreciationAmortizationPPE": "3991000000", "intangibleAssets": "3536000000", "intangibleAssetsExcludingGoodwill": "3536000000", "goodwill": "896000000", "investments": "None", "longTermInvestments": "55618000000", "shortTermInvestments": "16137000000", "otherCurrentAssets": "4529000000", "otherNonCurrentAssets": "None", "totalLiabilities": "39756000000", "totalCurrentLiabilities": "27970000000", "currentAccountsPayable": "14632000000", "deferredRevenue": "None", "currentDebt": "None", "shortTermDebt": "5606000000", "totalNonCurrentLiabilities": "11786000000", "capitalLeaseObligations": "None", "longTermDebt": "None", "currentLongTermDebt": "None", "longTermDebtNoncurrent": "None", "shortLongTermDebtTotal": "None", "otherCurrentLiabilities": "9247000000", "otherNonCurrentLiabilities": "10100000000", "totalShareholderEquity": "76615000000", "treasuryStock": "0", "retainedEarnings": "62841000000", "commonStock": "13331000000", "commonStockSharesOutstanding": "26226060000"}, {"fiscalDateEnding": "2010-09-30", "reportedCurrency": "USD", "totalAssets": "75183000000", "totalCurrentAssets": "41678000000", "cashAndCashEquivalentsAtCarryingValue": "11261000000", "cashAndShortTermInvestments": "11261000000", "inventory": "1051000000", "currentNetReceivables": "5510000000", "totalNonCurrentAssets": "33505000000", "propertyPlantEquipment": "4768000000", "accumulatedDepreciationAmortizationPPE": "2466000000", "intangibleAssets": "342000000", "intangibleAssetsExcludingGoodwill": "342000000", "goodwill": "741000000", "investments": "None", "longTermInvestments": "25391000000", "shortTermInvestments": "14359000000", "otherCurrentAssets": "3447000000", "otherNonCurrentAssets": "None", "totalLiabilities": "27392000000", "totalCurrentLiabilities": "20722000000", "currentAccountsPayable": "12015000000", "deferredRevenue": "None", "currentDebt": "None", "shortTermDebt": "2466000000", "totalNonCurrentLiabilities": "6670000000", "capitalLeaseObligations": "None", "longTermDebt": "None", "currentLongTermDebt": "None", "longTermDebtNoncurrent": "None", "shortLongTermDebtTotal": "None", "otherCurrentLiabilities": "5723000000", "otherNonCurrentLiabilities": "5531000000", "totalShareholderEquity": "47791000000", "treasuryStock": "0", "retainedEarnings": "37169000000", "commonStock": "10668000000", "commonStockSharesOutstanding": "25891936000"}, {"fiscalDateEnding": "2009-09-30", "reportedCurrency": "USD", "totalAssets": "53851000000", "totalCurrentAssets": "36265000000", "cashAndCashEquivalentsAtCarryingValue": "5263000000", "cashAndShortTermInvestments": "5263000000", "inventory": "455000000", "currentNetReceivables": "3361000000", "totalNonCurrentAssets": "17586000000", "propertyPlantEquipment": "2954000000", "accumulatedDepreciationAmortizationPPE": "1713000000", "intangibleAssets": "247000000", "intangibleAssetsExcludingGoodwill": "247000000", "goodwill": "206000000", "investments": "None", "longTermInvestments": "10528000000", "shortTermInvestments": "18201000000", "otherCurrentAssets": "6884000000", "otherNonCurrentAssets": "None", "totalLiabilities": "26019000000", "totalCurrentLiabilities": "19282000000", "currentAccountsPayable": "5601000000", "deferredRevenue": "None", "currentDebt": "None", "shortTermDebt": "1948000000", "totalNonCurrentLiabilities": "6737000000", "capitalLeaseObligations": "None", "longTermDebt": "None", "currentLongTermDebt": "None", "longTermDebtNoncurrent": "None", "shortLongTermDebtTotal": "None", "otherCurrentLiabilities": "3376000000", "otherNonCurrentLiabilities": "3502000000", "totalShareholderEquity": "27832000000", "treasuryStock": "0", "retainedEarnings": "19538000000", "commonStock": "8210000000", "commonStockSharesOutstanding": "25396140000"}, {"fiscalDateEnding": "2008-09-30", "reportedCurrency": "USD", "totalAssets": "39572000000", "totalCurrentAssets": "34690000000", "cashAndCashEquivalentsAtCarryingValue": "11875000000", "cashAndShortTermInvestments": "11875000000", "inventory": "509000000", "currentNetReceivables": "2422000000", "totalNonCurrentAssets": "4882000000", "propertyPlantEquipment": "2455000000", "accumulatedDepreciationAmortizationPPE": "1292000000", "intangibleAssets": "285000000", "intangibleAssetsExcludingGoodwill": "285000000", "goodwill": "207000000", "investments": "None", "longTermInvestments": "None", "shortTermInvestments": "12615000000", "otherCurrentAssets": "5822000000", "otherNonCurrentAssets": "None", "totalLiabilities": "18542000000", "totalCurrentLiabilities": "14092000000", "currentAccountsPayable": "5520000000", "deferredRevenue": "None", "currentDebt": "None", "shortTermDebt": "2507000000", "totalNonCurrentLiabilities": "4450000000", "capitalLeaseObligations": "None", "longTermDebt": "None", "currentLongTermDebt": "None", "longTermDebtNoncurrent": "None", "shortLongTermDebtTotal": "None", "otherCurrentLiabilities": "3719000000", "otherNonCurrentLiabilities": "None", "totalShareholderEquity": "21030000000", "treasuryStock": "None", "retainedEarnings": "13845000000", "commonStock": "7177000000", "commonStockSharesOutstanding": "25259892000"}, {"fiscalDateEnding": "2007-09-30", "reportedCurrency": "USD", "totalAssets": "25347000000", "totalCurrentAssets": "21956000000", "cashAndCashEquivalentsAtCarryingValue": "9352000000", "cashAndShortTermInvestments": "9352000000", "inventory": "346000000", "currentNetReceivables": "4029000000", "totalNonCurrentAssets": "3391000000", "propertyPlantEquipment": "1832000000", "accumulatedDepreciationAmortizationPPE": "1009000000", "intangibleAssets": "299000000", "intangibleAssetsExcludingGoodwill": "299000000", "goodwill": "38000000", "investments": "None", "longTermInvestments": "None", "shortTermInvestments": "6034000000", "otherCurrentAssets": "996000000", "otherNonCurrentAssets": "None", "totalLiabilities": "10815000000", "totalCurrentLiabilities": "9299000000", "currentAccountsPayable": "4970000000", "deferredRevenue": "None", "currentDebt": "None", "shortTermDebt": "1805000000", "totalNonCurrentLiabilities": "1516000000", "capitalLeaseObligations": "None", "longTermDebt": "None", "currentLongTermDebt": "None", "longTermDebtNoncurrent": "None", "shortLongTermDebtTotal": "None", "otherCurrentLiabilities": "2919000000", "otherNonCurrentLiabilities": "None", "totalShareholderEquity": "14532000000", "treasuryStock": "None", "retainedEarnings": "9101000000", "commonStock": "5368000000", "commonStockSharesOutstanding": "24900176000"}, {"fiscalDateEnding": "2006-09-30", "reportedCurrency": "USD", "totalAssets": "17205000000", "totalCurrentAssets": "14509000000", "cashAndCashEquivalentsAtCarryingValue": "6392000000", "cashAndShortTermInvestments": "6392000000", "inventory": "270000000", "currentNetReceivables": "2845000000", "totalNonCurrentAssets": "2696000000", "propertyPlantEquipment": "1281000000", "accumulatedDepreciationAmortizationPPE": "794000000", "intangibleAssets": "139000000", "intangibleAssetsExcludingGoodwill": "139000000", "goodwill": "38000000", "investments": "None", "longTermInvestments": "None", "shortTermInvestments": "3718000000", "otherCurrentAssets": "469000000", "otherNonCurrentAssets": "None", "totalLiabilities": "7221000000", "totalCurrentLiabilities": "6471000000", "currentAccountsPayable": "3390000000", "deferredRevenue": "None", "currentDebt": "None", "shortTermDebt": "1515000000", "totalNonCurrentLiabilities": "750000000", "capitalLeaseObligations": "None", "longTermDebt": "None", "currentLongTermDebt": "None", "longTermDebtNoncurrent": "None", "shortLongTermDebtTotal": "None", "otherCurrentLiabilities": "2335000000", "otherNonCurrentLiabilities": "None", "totalShareholderEquity": "9984000000", "treasuryStock": "None", "retainedEarnings": "5607000000", "commonStock": "4355000000", "commonStockSharesOutstanding": "24570728000"}, {"fiscalDateEnding": "2005-09-30", "reportedCurrency": "USD", "totalAssets": "11551000000", "totalCurrentAssets": "10300000000", "cashAndCashEquivalentsAtCarryingValue": "3491000000", "cashAndShortTermInvestments": "3491000000", "inventory": "165000000", "currentNetReceivables": "1312000000", "totalNonCurrentAssets": "1251000000", "propertyPlantEquipment": "817000000", "accumulatedDepreciationAmortizationPPE": "664000000", "intangibleAssets": "27000000", "intangibleAssetsExcludingGoodwill": "27000000", "goodwill": "69000000", "investments": "None", "longTermInvestments": "None", "shortTermInvestments": "4770000000", "otherCurrentAssets": "231000000", "otherNonCurrentAssets": "None", "totalLiabilities": "4085000000", "totalCurrentLiabilities": "3484000000", "currentAccountsPayable": "1779000000", "deferredRevenue": "None", "currentDebt": "None", "shortTermDebt": "798000000", "totalNonCurrentLiabilities": "601000000", "capitalLeaseObligations": "None", "longTermDebt": "None", "currentLongTermDebt": "None", "longTermDebtNoncurrent": "None", "shortLongTermDebtTotal": "None", "otherCurrentLiabilities": "1204000000", "otherNonCurrentLiabilities": "None", "totalShareholderEquity": "7466000000", "treasuryStock": "None", "retainedEarnings": "4005000000", "commonStock": "3521000000", "commonStockSharesOutstanding": "23992584000"}], "income_stmt": [{"fiscalDateEnding": "2024-09-30", "reportedCurrency": "USD", "grossProfit": "180683000000", "totalRevenue": "391035000000", "costOfRevenue": "210352000000", "costofGoodsAndServicesSold": "210352000000", "operatingIncome": "123216000000", "sellingGeneralAndAdministrative": "26097000000", "researchAndDevelopment": "31370000000", "operatingExpenses": "57467000000", "investmentIncomeNet": "None", "netInterestIncome": "0", "interestIncome": "0", "interestExpense": "0", "nonInterestIncome": "None", "otherNonOperatingIncome": "None", "depreciation": "None", "depreciationAndAmortization": "11445000000", "incomeBeforeTax": "123485000000", "incomeTaxExpense": "29749000000", "interestAndDebtExpense": "None", "netIncomeFromContinuingOperations": "93736000000", "comprehensiveIncomeNetOfTax": "None", "ebit": "123216000000", "ebitda": "134661000000", "netIncome": "93736000000"}, {"fiscalDateEnding": "2023-09-30", "reportedCurrency": "USD", "grossProfit": "169148000000", "totalRevenue": "383285000000", "costOfRevenue": "214137000000", "costofGoodsAndServicesSold": "214137000000", "operatingIncome": "114301000000", "sellingGeneralAndAdministrative": "24932000000", "researchAndDevelopment": "29915000000", "operatingExpenses": "54847000000", "investmentIncomeNet": "None", "netInterestIncome": "-183000000", "interestIncome": "3750000000", "interestExpense": "3933000000", "nonInterestIncome": "None", "otherNonOperatingIncome": "-382000000", "depreciation": "None", "depreciationAndAmortization": "11519000000", "incomeBeforeTax": "113736000000", "incomeTaxExpense": "16741000000", "interestAndDebtExpense": "None", "netIncomeFromContinuingOperations": "96995000000", "comprehensiveIncomeNetOfTax": "None", "ebit": "114301000000", "ebitda": "125820000000", "netIncome": "96995000000"}, {"fiscalDateEnding": "2022-09-30", "reportedCurrency": "USD", "grossProfit": "170782000000", "totalRevenue": "394328000000", "costOfRevenue": "223546000000", "costofGoodsAndServicesSold": "223546000000", "operatingIncome": "119437000000", "sellingGeneralAndAdministrative": "25094000000", "researchAndDevelopment": "26251000000", "operatingExpenses": "51573000000", "investmentIncomeNet": "None", "netInterestIncome": "-106000000", "interestIncome": "2825000000", "interestExpense": "2931000000", "nonInterestIncome": "None", "otherNonOperatingIncome": "334000000", "depreciation": "None", "depreciationAndAmortization": "11104000000", "incomeBeforeTax": "119103000000", "incomeTaxExpense": "19300000000", "interestAndDebtExpense": "None", "netIncomeFromContinuingOperations": "99803000000", "comprehensiveIncomeNetOfTax": "None", "ebit": "119437000000", "ebitda": "130541000000", "netIncome": "99803000000"}, {"fiscalDateEnding": "2021-09-30", "reportedCurrency": "USD", "grossProfit": "152836000000", "totalRevenue": "365817000000", "costOfRevenue": "212981000000", "costofGoodsAndServicesSold": "212981000000", "operatingIncome": "108949000000", "sellingGeneralAndAdministrative": "21973000000", "researchAndDevelopment": "21914000000", "operatingExpenses": "43887000000", "investmentIncomeNet": "None", "netInterestIncome": "198000000", "interestIncome": "2843000000", "interestExpense": "2645000000", "nonInterestIncome": "None", "otherNonOperatingIncome": "258000000", "depreciation": "None", "depreciationAndAmortization": "11284000000", "incomeBeforeTax": "109207000000", "incomeTaxExpense": "14527000000", "interestAndDebtExpense": "None", "netIncomeFromContinuingOperations": "94680000000", "comprehensiveIncomeNetOfTax": "None", "ebit": "111852000000", "ebitda": "123136000000", "netIncome": "94680000000"}, {"fiscalDateEnding": "2020-09-30", "reportedCurrency": "USD", "grossProfit": "104956000000", "totalRevenue": "274515000000", "costOfRevenue": "169559000000", "costofGoodsAndServicesSold": "169559000000", "operatingIncome": "66288000000", "sellingGeneralAndAdministrative": "19916000000", "researchAndDevelopment": "18752000000", "operatingExpenses": "38668000000", "investmentIncomeNet": "None", "netInterestIncome": "890000000", "interestIncome": "3763000000", "interestExpense": "2873000000", "nonInterestIncome": "None", "otherNonOperatingIncome": "803000000", "depreciation": "None", "depreciationAndAmortization": "11056000000", "incomeBeforeTax": "67091000000", "incomeTaxExpense": "9680000000", "interestAndDebtExpense": "None", "netIncomeFromContinuingOperations": "57411000000", "comprehensiveIncomeNetOfTax": "None", "ebit": "69964000000", "ebitda": "81020000000", "netIncome": "57411000000"}, {"fiscalDateEnding": "2019-09-30", "reportedCurrency": "USD", "grossProfit": "98392000000", "totalRevenue": "260174000000", "costOfRevenue": "161782000000", "costofGoodsAndServicesSold": "161782000000", "operatingIncome": "63930000000", "sellingGeneralAndAdministrative": "18245000000", "researchAndDevelopment": "16217000000", "operatingExpenses": "34462000000", "investmentIncomeNet": "None", "netInterestIncome": "1385000000", "interestIncome": "4961000000", "interestExpense": "3576000000", "nonInterestIncome": "None", "otherNonOperatingIncome": "1807000000", "depreciation": "None", "depreciationAndAmortization": "12547000000", "incomeBeforeTax": "65737000000", "incomeTaxExpense": "10481000000", "interestAndDebtExpense": "None", "netIncomeFromContinuingOperations": "55256000000", "comprehensiveIncomeNetOfTax": "None", "ebit": "69313000000", "ebitda": "81860000000", "netIncome": "55256000000"}, {"fiscalDateEnding": "2018-09-30", "reportedCurrency": "USD", "grossProfit": "101839000000", "totalRevenue": "265595000000", "costOfRevenue": "163756000000", "costofGoodsAndServicesSold": "163756000000", "operatingIncome": "70898000000", "sellingGeneralAndAdministrative": "16705000000", "researchAndDevelopment": "14236000000", "operatingExpenses": "30941000000", "investmentIncomeNet": "None", "netInterestIncome": "2446000000", "interestIncome": "5686000000", "interestExpense": "3240000000", "nonInterestIncome": "None", "otherNonOperatingIncome": "2005000000", "depreciation": "None", "depreciationAndAmortization": "10903000000", "incomeBeforeTax": "72903000000", "incomeTaxExpense": "13372000000", "interestAndDebtExpense": "None", "netIncomeFromContinuingOperations": "59531000000", "comprehensiveIncomeNetOfTax": "None", "ebit": "76143000000", "ebitda": "87046000000", "netIncome": "59531000000"}, {"fiscalDateEnding": "2017-09-30", "reportedCurrency": "USD", "grossProfit": "88186000000", "totalRevenue": "229234000000", "costOfRevenue": "141048000000", "costofGoodsAndServicesSold": "141048000000", "operatingIncome": "61344000000", "sellingGeneralAndAdministrative": "15261000000", "researchAndDevelopment": "11581000000", "operatingExpenses": "26842000000", "investmentIncomeNet": "None", "netInterestIncome": "2878000000", "interestIncome": "5201000000", "interestExpense": "2323000000", "nonInterestIncome": "None", "otherNonOperatingIncome": "2745000000", "depreciation": "None", "depreciationAndAmortization": "9400000000", "incomeBeforeTax": "64089000000", "incomeTaxExpense": "15738000000", "interestAndDebtExpense": "None", "netIncomeFromContinuingOperations": "48351000000", "comprehensiveIncomeNetOfTax": "None", "ebit": "66412000000", "ebitda": "75812000000", "netIncome": "48351000000"}, {"fiscalDateEnding": "2016-09-30", "reportedCurrency": "USD", "grossProfit": "84263000000", "totalRevenue": "215639000000", "costOfRevenue": "131376000000", "costofGoodsAndServicesSold": "131376000000", "operatingIncome": "60024000000", "sellingGeneralAndAdministrative": "14194000000", "researchAndDevelopment": "10045000000", "operatingExpenses": "24239000000", "investmentIncomeNet": "None", "netInterestIncome": "2543000000", "interestIncome": "3999000000", "interestExpense": "1456000000", "nonInterestIncome": "None", "otherNonOperatingIncome": "1348000000", "depreciation": "None", "depreciationAndAmortization": "9800000000", "incomeBeforeTax": "61372000000", "incomeTaxExpense": "15685000000", "interestAndDebtExpense": "None", "netIncomeFromContinuingOperations": "45687000000", "comprehensiveIncomeNetOfTax": "None", "ebit": "62828000000", "ebitda": "72628000000", "netIncome": "45687000000"}, {"fiscalDateEnding": "2015-09-30", "reportedCurrency": "USD", "grossProfit": "93626000000", "totalRevenue": "233715000000", "costOfRevenue": "140089000000", "costofGoodsAndServicesSold": "140089000000", "operatingIncome": "71230000000", "sellingGeneralAndAdministrative": "14329000000", "researchAndDevelopment": "8067000000", "operatingExpenses": "22396000000", "investmentIncomeNet": "None", "netInterestIncome": "None", "interestIncome": "None", "interestExpense": "733000000", "nonInterestIncome": "None", "otherNonOperatingIncome": "1285000000", "depreciation": "None", "depreciationAndAmortization": "11257000000", "incomeBeforeTax": "72515000000", "incomeTaxExpense": "19121000000", "interestAndDebtExpense": "None", "netIncomeFromContinuingOperations": "53394000000", "comprehensiveIncomeNetOfTax": "None", "ebit": "72491000000", "ebitda": "83748000000", "netIncome": "53394000000"}, {"fiscalDateEnding": "2014-09-30", "reportedCurrency": "USD", "grossProfit": "70537000000", "totalRevenue": "182795000000", "costOfRevenue": "112258000000", "costofGoodsAndServicesSold": "112258000000", "operatingIncome": "52503000000", "sellingGeneralAndAdministrative": "11993000000", "researchAndDevelopment": "6041000000", "operatingExpenses": "18034000000", "investmentIncomeNet": "None", "netInterestIncome": "None", "interestIncome": "None", "interestExpense": "384000000", "nonInterestIncome": "None", "otherNonOperatingIncome": "980000000", "depreciation": "None", "depreciationAndAmortization": "7946000000", "incomeBeforeTax": "53483000000", "incomeTaxExpense": "13973000000", "interestAndDebtExpense": "None", "netIncomeFromContinuingOperations": "39510000000", "comprehensiveIncomeNetOfTax": "None", "ebit": "53921000000", "ebitda": "61867000000", "netIncome": "39510000000"}, {"fiscalDateEnding": "2013-09-30", "reportedCurrency": "USD", "grossProfit": "64304000000", "totalRevenue": "170910000000", "costOfRevenue": "106606000000", "costofGoodsAndServicesSold": "106606000000", "operatingIncome": "48999000000", "sellingGeneralAndAdministrative": "9730000000", "researchAndDevelopment": "4475000000", "operatingExpenses": "15305000000", "investmentIncomeNet": "None", "netInterestIncome": "None", "interestIncome": "None", "interestExpense": "136000000", "nonInterestIncome": "None", "otherNonOperatingIncome": "1156000000", "depreciation": "None", "depreciationAndAmortization": "6757000000", "incomeBeforeTax": "50155000000", "incomeTaxExpense": "13118000000", "interestAndDebtExpense": "None", "netIncomeFromContinuingOperations": "37037000000", "comprehensiveIncomeNetOfTax": "None", "ebit": "50294000000", "ebitda": "57051000000", "netIncome": "37037000000"}, {"fiscalDateEnding": "2012-09-30", "reportedCurrency": "USD", "grossProfit": "68662000000", "totalRevenue": "156508000000", "costOfRevenue": "87846000000", "costofGoodsAndServicesSold": "87846000000", "operatingIncome": "55241000000", "sellingGeneralAndAdministrative": "9040000000", "researchAndDevelopment": "3381000000", "operatingExpenses": "13421000000", "investmentIncomeNet": "None", "netInterestIncome": "None", "interestIncome": "None", "interestExpense": "522000000", "nonInterestIncome": "None", "otherNonOperatingIncome": "522000000", "depreciation": "None", "depreciationAndAmortization": "3277000000", "incomeBeforeTax": "55763000000", "incomeTaxExpense": "14030000000", "interestAndDebtExpense": "None", "netIncomeFromContinuingOperations": "41733000000", "comprehensiveIncomeNetOfTax": "None", "ebit": "55691000000", "ebitda": "58968000000", "netIncome": "41733000000"}, {"fiscalDateEnding": "2011-09-30", "reportedCurrency": "USD", "grossProfit": "44522000000", "totalRevenue": "108249000000", "costOfRevenue": "64431000000", "costofGoodsAndServicesSold": "64431000000", "operatingIncome": "34494000000", "sellingGeneralAndAdministrative": "7599000000", "researchAndDevelopment": "2429000000", "operatingExpenses": "10028000000", "investmentIncomeNet": "None", "netInterestIncome": "None", "interestIncome": "None", "interestExpense": "415000000", "nonInterestIncome": "None", "otherNonOperatingIncome": "415000000", "depreciation": "None", "depreciationAndAmortization": "1814000000", "incomeBeforeTax": "34205000000", "incomeTaxExpense": "8283000000", "interestAndDebtExpense": "None", "netIncomeFromContinuingOperations": "25922000000", "comprehensiveIncomeNetOfTax": "None", "ebit": "34183000000", "ebitda": "35997000000", "netIncome": "25922000000"}, {"fiscalDateEnding": "2010-09-30", "reportedCurrency": "USD", "grossProfit": "25684000000", "totalRevenue": "65225000000", "costOfRevenue": "39541000000", "costofGoodsAndServicesSold": "39541000000", "operatingIncome": "18270000000", "sellingGeneralAndAdministrative": "5517000000", "researchAndDevelopment": "1782000000", "operatingExpenses": "7299000000", "investmentIncomeNet": "None", "netInterestIncome": "None", "interestIncome": "None", "interestExpense": "155000000", "nonInterestIncome": "None", "otherNonOperatingIncome": "155000000", "depreciation": "None", "depreciationAndAmortization": "1027000000", "incomeBeforeTax": "18540000000", "incomeTaxExpense": "4527000000", "interestAndDebtExpense": "None", "netIncomeFromContinuingOperations": "14013000000", "comprehensiveIncomeNetOfTax": "None", "ebit": "18397000000", "ebitda": "19424000000", "netIncome": "14013000000"}, {"fiscalDateEnding": "2009-09-30", "reportedCurrency": "USD", "grossProfit": "17222000000", "totalRevenue": "42905000000", "costOfRevenue": "25683000000", "costofGoodsAndServicesSold": "25683000000", "operatingIncome": "11370000000", "sellingGeneralAndAdministrative": "4149000000", "researchAndDevelopment": "1333000000", "operatingExpenses": "5482000000", "investmentIncomeNet": "None", "netInterestIncome": "None", "interestIncome": "None", "interestExpense": "326000000", "nonInterestIncome": "None", "otherNonOperatingIncome": "326000000", "depreciation": "None", "depreciationAndAmortization": "734000000", "incomeBeforeTax": "12066000000", "incomeTaxExpense": "3831000000", "interestAndDebtExpense": "None", "netIncomeFromContinuingOperations": "8235000000", "comprehensiveIncomeNetOfTax": "None", "ebit": "11991000000", "ebitda": "12725000000", "netIncome": "8235000000"}, {"fiscalDateEnding": "2008-09-30", "reportedCurrency": "USD", "grossProfit": "11145000000", "totalRevenue": "32479000000", "costOfRevenue": "21334000000", "costofGoodsAndServicesSold": "21334000000", "operatingIncome": "6275000000", "sellingGeneralAndAdministrative": "3761000000", "researchAndDevelopment": "1109000000", "operatingExpenses": "4870000000", "investmentIncomeNet": "None", "netInterestIncome": "None", "interestIncome": "None", "interestExpense": "620000000", "nonInterestIncome": "None", "otherNonOperatingIncome": "None", "depreciation": "None", "depreciationAndAmortization": "496000000", "incomeBeforeTax": "6895000000", "incomeTaxExpense": "2061000000", "interestAndDebtExpense": "None", "netIncomeFromContinuingOperations": "None", "comprehensiveIncomeNetOfTax": "None", "ebit": "6808000000", "ebitda": "7304000000", "netIncome": "4834000000"}, {"fiscalDateEnding": "2007-09-30", "reportedCurrency": "USD", "grossProfit": "8154000000", "totalRevenue": "24006000000", "costOfRevenue": "15852000000", "costofGoodsAndServicesSold": "15852000000", "operatingIncome": "4409000000", "sellingGeneralAndAdministrative": "2963000000", "researchAndDevelopment": "782000000", "operatingExpenses": "3745000000", "investmentIncomeNet": "None", "netInterestIncome": "None", "interestIncome": "None", "interestExpense": "599000000", "nonInterestIncome": "None", "otherNonOperatingIncome": "None", "depreciation": "None", "depreciationAndAmortization": "317000000", "incomeBeforeTax": "5008000000", "incomeTaxExpense": "1512000000", "interestAndDebtExpense": "None", "netIncomeFromContinuingOperations": "None", "comprehensiveIncomeNetOfTax": "None", "ebit": "4407000000", "ebitda": "4724000000", "netIncome": "3495000000"}, {"fiscalDateEnding": "2006-09-30", "reportedCurrency": "USD", "grossProfit": "5598000000", "totalRevenue": "19315000000", "costOfRevenue": "13717000000", "costofGoodsAndServicesSold": "13717000000", "operatingIncome": "2453000000", "sellingGeneralAndAdministrative": "2433000000", "researchAndDevelopment": "712000000", "operatingExpenses": "3145000000", "investmentIncomeNet": "None", "netInterestIncome": "None", "interestIncome": "None", "interestExpense": "365000000", "nonInterestIncome": "None", "otherNonOperatingIncome": "None", "depreciation": "None", "depreciationAndAmortization": "225000000", "incomeBeforeTax": "2818000000", "incomeTaxExpense": "829000000", "interestAndDebtExpense": "None", "netIncomeFromContinuingOperations": "None", "comprehensiveIncomeNetOfTax": "None", "ebit": "2453000000", "ebitda": "2678000000", "netIncome": "1989000000"}, {"fiscalDateEnding": "2005-09-30", "reportedCurrency": "USD", "grossProfit": "4042000000", "totalRevenue": "13931000000", "costOfRevenue": "9889000000", "costofGoodsAndServicesSold": "9889000000", "operatingIncome": "1643000000", "sellingGeneralAndAdministrative": "1859000000", "researchAndDevelopment": "535000000", "operatingExpenses": "2399000000", "investmentIncomeNet": "None", "netInterestIncome": "None", "interestIncome": "None", "interestExpense": "165000000", "nonInterestIncome": "None", "otherNonOperatingIncome": "None", "depreciation": "None", "depreciationAndAmortization": "179000000", "incomeBeforeTax": "1815000000", "incomeTaxExpense": "480000000", "interestAndDebtExpense": "None", "netIncomeFromContinuingOperations": "None", "comprehensiveIncomeNetOfTax": "None", "ebit": "1643000000", "ebitda": "1822000000", "netIncome": "1328000000"}]}